; History Beancount - Auto-generated by organizze_v5.py
; DO NOT EDIT MANUALLY

2025-01-02 * "Transferência"
  Assets:BR:BbCorrente                       -6000.00 BRL
  Assets:BR:BancoInter                        6000.00 BRL
  origem_id: "transfer_pair:32767c9159c29317"

2025-02-28 * "Transferência"
  Assets:BR:BbCorrente                        -872.00 BRL
  Assets:BR:C6Bank                             872.00 BRL
  origem_id: "transfer_pair:f43cebaedae408eb"

2025-02-28 * "Transferência"
  Assets:BR:BbCorrente                       -7500.00 BRL
  Assets:BR:BancoInter                        7500.00 BRL
  origem_id: "transfer_pair:a4440ac8f52a5c42"

2025-03-05 * "Transferência"
  Assets:BR:BancoInter                        -500.00 BRL
  Assets:BR:C6Bank                             500.00 BRL
  origem_id: "transfer_pair:7100f5f691536846"

2025-03-06 * "Transferência"
  Assets:BR:C6Bank                            -500.00 BRL
  Assets:BR:CdbC6                              500.00 BRL
  origem_id: "transfer_pair:260be0a5ea791f17"

2025-03-28 * "Transferência"
  Assets:BR:TesouroDiretoInter               -7117.06 BRL
  Assets:BR:BancoInter                        7117.06 BRL
  origem_id: "transfer_pair:090f2949ed7efa5c"

2025-03-30 * "Jose Eduardo Alves De Carvalho"
  Assets:BR:BancoInter                          -1.00 BRL
  Assets:BR:C6Bank                               1.00 BRL
  origem_id: "transfer_pair:ee111c88c6f701c9"

2025-03-30 * "Jose Eduardo Alves De Carvalho"
  Assets:BR:BancoInter                        -327.00 BRL
  Assets:BR:C6Bank                             327.00 BRL
  origem_id: "transfer_pair:e55aafa7c17053d7"

2025-03-31 * "28/03/2025 Liquidacao B3 *"
  Assets:BR:RendaVariavelInter               -3956.83 BRL
  Assets:BR:BancoInter                        3956.83 BRL
  origem_id: "transfer_pair:c18155b68dc5d8c3"

2025-04-01 * "Liquidacao B3 * 28/03/2025"
  Assets:BR:RendaVariavelInter               -1359.60 BRL
  Assets:BR:BancoInter                        1359.60 BRL
  origem_id: "transfer_pair:57b09a5be7584d96"

2025-04-01 * "Transferência"
  Assets:BR:BancoInter                       -7200.00 BRL
  Assets:BR:BbCorrente                        7200.00 BRL
  origem_id: "transfer_pair:e5f31d89bb5718f7"

2025-04-30 * "Transferência"
  Assets:BR:CdbC6                             -507.69 BRL
  Assets:BR:C6Bank                             507.69 BRL
  origem_id: "transfer_pair:a6ed93fc61f0cb8b"

2025-04-30 * "Transferência"
  Assets:BR:C6Bank                            -508.00 BRL
  Assets:BR:BancoInter                         508.00 BRL
  origem_id: "transfer_pair:5d3f8d732c6bfead"

2025-04-30 * "Transferência"
  Assets:BR:BbCorrente                       -2000.00 BRL
  Assets:BR:BancoInter                        2000.00 BRL
  origem_id: "transfer_pair:13b6d05ccb82b61b"

2025-05-05 * "Liquidacao B3 * 30/04/2025"
  Assets:BR:RendaVariavelInter               -3467.97 BRL
  Assets:BR:BancoInter                        3467.97 BRL
  origem_id: "transfer_pair:c28cdd5d2c7e76e1"

2025-05-10 * "Transferência"
  Assets:BR:BancoInter                         -50.00 BRL
  Assets:BR:BbCorrente                          50.00 BRL
  origem_id: "transfer_pair:47bd56f49bb9b9d5"

2025-06-03 * "Transferência"
  Assets:BR:BbCorrente                       -1000.00 BRL
  Assets:BR:BancoInter                        1000.00 BRL
  origem_id: "transfer_pair:78c44b480e5f4319"

2025-07-02 * "Transferência"
  Assets:BR:BbCorrente                       -2200.00 BRL
  Assets:BR:BancoInter                        2200.00 BRL
  origem_id: "transfer_pair:b9fc9edf24869d2c"

2025-07-10 * "Transferência"
  Assets:BR:BbCorrente                        -300.00 BRL
  Assets:BR:BancoInter                         300.00 BRL
  origem_id: "transfer_pair:2ccd6f5915929e3c"

2025-07-29 * "Transferência"
  Assets:BR:BbCorrente                       -3500.00 BRL
  Assets:BR:BancoInter                        3500.00 BRL
  origem_id: "transfer_pair:c7ea32d575f386d3"

2025-07-30 * "Jose Eduardo A Carvalho"
  Assets:BR:BbCorrente                        -800.00 BRL
  Assets:BR:BancoInter                         800.00 BRL
  origem_id: "transfer_pair:dbc768dd677c4d7c"

2025-08-08 * "Transferência"
  Assets:BR:BbCorrente                        -700.00 BRL
  Assets:BR:BancoInter                         700.00 BRL
  origem_id: "transfer_pair:12774e588776ab98"

2025-08-11 * "Transferência"
  Assets:BR:BbCorrente                        -535.00 BRL
  Assets:BR:BancoInter                         535.00 BRL
  origem_id: "transfer_pair:0ae477c9379f3db9"

2025-08-11 * "Pix - Enviado - 11/08 09:27 Jose Eduardo Alves De Carv"
  Assets:BR:BbCorrente                        -584.00 BRL
  Assets:BR:BancoInter                         584.00 BRL
  origem_id: "transfer_pair:43e13c801d82a92c"

2025-08-18 * "Jose Eduardo A Carvalho"
  Assets:BR:BbCorrente                       -1816.00 BRL
  Assets:BR:BancoInter                        1816.00 BRL
  origem_id: "transfer_pair:4a3df60360296f77"

2025-08-20 * "Transferência"
  Assets:BR:RendaVariavelInter               -9108.28 BRL
  Assets:BR:BancoInter                        9108.28 BRL
  origem_id: "transfer_pair:eb88ce999f93d30d"

2025-08-26 * "Jose Eduardo Alves De Carvalho"
  Assets:BR:BancoInter                         -56.00 BRL
  Assets:BR:C6Bank                              56.00 BRL
  origem_id: "transfer_pair:eddb039eadb53612"

2025-09-01 * "Transferência"
  Assets:BR:BancoInter                       -3500.00 BRL
  Assets:BR:CdbInter                          3500.00 BRL
  origem_id: "transfer_pair:f5cb0cc4d605cda3"

2025-09-01 * "Transferência"
  Assets:BR:BbCorrente                       -8000.00 BRL
  Assets:BR:BancoInter                        8000.00 BRL
  origem_id: "transfer_pair:a7592e0e25302436"

2025-09-19 * "Cdb Pos Di Liq. Banco Inter S A"
  Assets:BR:CdbInter                           -50.00 BRL
  Assets:BR:BancoInter                          50.00 BRL
  origem_id: "transfer_pair:af381c9e8ca35b9d"

2025-09-19 * "Transferência"
  Assets:BR:CdbInter                          -850.00 BRL
  Assets:BR:BancoInter                         850.00 BRL
  origem_id: "transfer_pair:2f18fe0ce2f35167"

2025-10-01 * "Transferencia"
  Assets:BR:BbCorrente                       -1200.00 BRL
  Assets:BR:BancoInter                        1200.00 BRL
  origem_id: "transfer_pair:8959c8ad688c03ec"

2025-10-01 * "Transferência"
  Assets:BR:CdbInter                         -2627.85 BRL
  Assets:BR:BancoInter                        2627.85 BRL
  origem_id: "transfer_pair:63da39e79382027c"

2025-10-03 * "Transferência"
  Assets:BR:BancoInter                       -2000.00 BRL
  Assets:BR:BbCorrente                        2000.00 BRL
  origem_id: "transfer_pair:79d3d86acdbb8e7b"

2025-10-03 * "Transferência"
  Assets:BR:RendaVariavelInter               -5697.47 BRL
  Assets:BR:BancoInter                        5697.47 BRL
  origem_id: "transfer_pair:ccc0bb30095db66c"

2025-10-21 * "Transferencia"
  Assets:BR:C6Bank                             -50.00 BRL
  Assets:BR:BancoInter                          50.00 BRL
  origem_id: "transfer_pair:5698e67d761ed580"

2025-10-21 * "Transferência"
  Assets:BR:BbCorrente                        -800.00 BRL
  Assets:BR:BancoInter                         800.00 BRL
  origem_id: "transfer_pair:21ab244de372f0a6"

2025-10-26 * "Pix recebido: 'Cp :31872495-JOSE EDUARDO ALVES DE CARVALH..."
  Assets:BR:C6Bank                            -100.00 BRL
  Assets:BR:BancoInter                         100.00 BRL
  origem_id: "transfer_pair:97085161a12be9fc"

2025-10-27 * "Pix enviado: 'Cp :31872495-Jose Eduardo Alves de Carvalho..."
  Assets:BR:BancoInter                         -50.00 BRL
  Assets:BR:C6Bank                              50.00 BRL
  origem_id: "transfer_pair:59216dab136b8ec2"

2025-10-29 * "Pix recebido de JOSE EDUARDO ALVES DE CARVALHO"
  Assets:BR:Caixa                           -10500.00 BRL
  Assets:BR:C6Bank                           10500.00 BRL
  origem_id: "transfer_pair:c1f10886be846c9b"

2025-11-01 * "Transferência"
  Assets:BR:BbCorrente                       -4700.00 BRL
  Assets:BR:C6Bank                            4700.00 BRL
  origem_id: "transfer_pair:b06f0371d0a2a8f6"

2025-11-02 * "Transferência"
  Assets:BR:BbCorrente                       -7100.00 BRL
  Assets:BR:BancoInter                        7100.00 BRL
  origem_id: "transfer_pair:8d9dface1e4748f5"

2025-11-03 * "Transferência"
  Assets:BR:BancoInter                        -500.00 BRL
  Assets:BR:C6Bank                             500.00 BRL
  origem_id: "transfer_pair:132b6969ad223d0f"

2025-11-03 * "Transferência"
  Assets:BR:BancoInter                        -500.00 BRL
  Assets:BR:C6Bank                             500.00 BRL
  origem_id: "transfer_pair:6589eedd628d2813"

2025-11-03 * "Transferência"
  Assets:BR:C6Bank                            -570.00 BRL
  Assets:BR:CdbC6                              570.00 BRL
  origem_id: "transfer_pair:41cb50709fb7c013"

2025-11-03 * "Transferência"
  Assets:BR:BbCorrente                       -4500.00 BRL
  Assets:BR:C6Bank                            4500.00 BRL
  origem_id: "transfer_pair:6a335d885c5a85e0"

2025-11-03 * "Transferência"
  Assets:BR:C6Bank                           -5000.00 BRL
  Assets:BR:CdbC6                             5000.00 BRL
  origem_id: "transfer_pair:dd243e1b3b050fa8"

2025-11-11 * "Pix - Recebido - 11/11 11:02 01553360702 JOSE EDUARDO A"
  Assets:BR:C6Bank                            -335.00 BRL
  Assets:BR:BbCorrente                         335.00 BRL
  origem_id: "transfer_pair:c5e4dad235055d71"

2025-12-01 * "Transferência"
  Assets:BR:BbCorrente                        -314.00 BRL
  Assets:BR:C6Bank                             314.00 BRL
  origem_id: "transfer_pair:074c53780fbc447f"

2025-12-01 * "Transferência"
  Assets:BR:CdbC6                             -574.47 BRL
  Assets:BR:C6Bank                             574.47 BRL
  origem_id: "transfer_pair:7f3ea9596b440c27"

2025-12-01 * "Transferência"
  Assets:BR:CdbC6                            -5039.12 BRL
  Assets:BR:C6Bank                            5039.12 BRL
  origem_id: "transfer_pair:52bd9a1cb073eeff"

2025-12-01 * "Transferência"
  Assets:BR:BbCorrente                       -6000.00 BRL
  Assets:BR:C6Bank                            6000.00 BRL
  origem_id: "transfer_pair:f7da87e0e556601b"

2025-12-01 * "Transferência"
  Assets:BR:BbCorrente                       -6800.00 BRL
  Assets:BR:BancoInter                        6800.00 BRL
  origem_id: "transfer_pair:02faa117c63d426c"

2025-12-10 * "Transferência"
  Assets:BR:BancoInter                        -538.08 BRL
  Assets:BR:TesouroDiretoInter                 538.08 BRL
  origem_id: "transfer_pair:6f4777c863b27b30"

2025-12-14 * "Transferencia"
  Assets:BR:BancoInter                         -35.00 BRL
  Assets:BR:C6Bank                              35.00 BRL
  origem_id: "transfer_pair:8429baa1cbbcf41e"

2025-12-26 * "pagto cartão"
  Assets:BR:BbCorrente                      -10000.00 BRL
  Assets:BR:C6Bank                           10000.00 BRL
  origem_id: "transfer_pair:c81d5db9fcbf2553"

2025-12-29 * "Transferência"
  Assets:BR:BbCorrente                        -700.00 BRL
  Assets:BR:BancoInter                         700.00 BRL
  origem_id: "transfer_pair:4cc32b985a08f780"

2025-12-29 * "pagto cartão"
  Assets:BR:BbCorrente                       -3502.00 BRL
  Assets:BR:C6Bank                            3502.00 BRL
  origem_id: "transfer_pair:2dd2c079cf1159fd"

2025-12-29 * "Transferência"
  Assets:BR:BbCorrente                       -4000.00 BRL
  Assets:BR:BancoInter                        4000.00 BRL
  origem_id: "transfer_pair:b38d57b113c35590"

2025-12-30 * "Credito Evento B3: '* PROV * RESGATE RENDA VARIAVEL CPLE7..."
  Assets:BR:RendaVariavelInter                -154.98 BRL
  Assets:BR:BancoInter                         154.98 BRL
  origem_id: "transfer_pair:216ee1b02e3ed912"

2025-12-30 * "Transferência"
  Assets:BR:BancoInter                        -723.09 BRL
  Assets:BR:TesouroDiretoInter                 723.09 BRL
  origem_id: "transfer_pair:6f4cc93038fbc731"

2026-01-12 * "Credito Tesouro Direto: '* PROV * VENDA TD LFT' * Prov * ..."
  Assets:BR:TesouroDiretoInter                -544.03 BRL
  Assets:BR:BancoInter                         544.03 BRL
  origem_id: "transfer_pair:1cadc56a142ef538"

2026-01-12 * "Credito Tesouro Direto: '* PROV * VENDA TD LFT' * Prov * ..."
  Assets:BR:TesouroDiretoInter                -725.38 BRL
  Assets:BR:BancoInter                         725.38 BRL
  origem_id: "transfer_pair:a14947d41db540ed"

2026-01-13 * "Transferencia"
  Assets:BR:BancoInter                       -1200.00 BRL
  Assets:BR:C6Bank                            1200.00 BRL
  origem_id: "transfer_pair:f3e888be48598c92"

2026-01-14 * "Transferencia"
  Assets:BR:BancoInter                       -9050.00 BRL
  Assets:BR:C6Bank                            9050.00 BRL
  origem_id: "transfer_pair:458f76b5ee8de2e5"

2026-01-14 * "Transferencia"
  Assets:BR:BancoInter                      -18000.00 BRL
  Assets:BR:C6Bank                           18000.00 BRL
  origem_id: "transfer_pair:36016fe8584dd984"

2026-01-14 * "Transferência"
  Assets:BR:C6Bank                          -18000.00 BRL
  Assets:BR:CdbC6                            18000.00 BRL
  origem_id: "transfer_pair:634a9b0a43ddbbed"

2026-01-14 * "Credito B3: 'NOTA BOV 12/01/2026' Nota Bov 12/01/2026"
  Assets:BR:RendaVariavelInter              -27574.42 BRL
  Assets:BR:BancoInter                       27574.42 BRL
  origem_id: "transfer_pair:a7c1d0256ffc81d6"

2026-01-16 * "Credito B3: 'NOTA BOV 14/01/2026' Nota Bov 14/01/2026"
  Assets:BR:RendaVariavelInter               -2796.78 BRL
  Assets:BR:BancoInter                        2796.78 BRL
  origem_id: "transfer_pair:4ec115b6894b2c07"

2026-01-17 * "Transferencia"
  Assets:BR:BancoInter                       -2500.00 BRL
  Assets:BR:C6Bank                            2500.00 BRL
  origem_id: "transfer_pair:d81512a0163aef62"

2026-01-19 * "Transferência"
  Assets:BR:C6Bank                           -2576.00 BRL
  Assets:BR:CdbC6                             2576.00 BRL
  origem_id: "transfer_pair:f11c7e4220b101fa"

2026-01-21 * "Transferência"
  Assets:BR:BancoInter                         -66.00 BRL
  Assets:BR:BbCorrente                          66.00 BRL
  origem_id: "transfer_pair:0a485d751cc56037"

2026-01-23 * "Transferência"
  Assets:BR:RendaVariavelInter               -1264.83 BRL
  Assets:BR:BancoInter                        1264.83 BRL
  origem_id: "transfer_pair:7f5571358dbe0ee1"

2026-01-24 * "Transferencia"
  Assets:BR:BancoInter                         -15.00 BRL
  Assets:BR:BbCorrente                          15.00 BRL
  origem_id: "transfer_pair:981d44b57a916255"

2026-02-01 * "Pix enviado: 'Cp :60701190-Jose Eduardo Alves de Carvalho..."
  Assets:BR:BancoInter                         -15.13 BRL
  Assets:BR:ItauPersonalite                     15.13 BRL
  origem_id: "transfer_pair:e4f1de5694037473"

2026-02-01 * "pagto cartão"
  Assets:BR:BbCorrente                       -9815.00 BRL
  Assets:BR:C6Bank                            9815.00 BRL
  origem_id: "transfer_pair:3789978673e6801b"

2026-02-02 * "Pix - Enviado - 01/02 22:10 JOSE EDUARDO ALVES DE CAR"
  Assets:BR:BbCorrente                        -330.00 BRL
  Assets:BR:ItauPersonalite                    330.00 BRL
  origem_id: "transfer_pair:1c4c67b93b47a014"

2026-02-02 * "Transferência"
  Assets:BR:BbCorrente                       -4540.00 BRL
  Assets:BR:BancoInter                        4540.00 BRL
  origem_id: "transfer_pair:1c852d69af6465a5"

2026-02-03 * "Transferência"
  Assets:BR:Pagol                               -1.20 BRL
  Assets:BR:C6Bank                               1.20 BRL
  origem_id: "transfer_pair:72c40990bc69f229"

2026-02-04 * "Transferência"
  Assets:BR:CdbC6                            -5610.67 BRL
  Assets:BR:C6Bank                            5610.67 BRL
  origem_id: "transfer_pair:dec4860be301f4eb"

2026-02-05 * "Pix enviado: 'Cp :31872495-Jose Eduardo Alves de Carvalho..."
  Assets:BR:BancoInter                         -34.00 BRL
  Assets:BR:C6Bank                              34.00 BRL
  origem_id: "transfer_pair:e250de185d9db851"

2026-02-13 * "Pix recebido: 'Cp :31872495-JOSE EDUARDO ALVES DE CARVALH..."
  Assets:BR:C6Bank                            -300.00 BRL
  Assets:BR:BancoInter                         300.00 BRL
  origem_id: "transfer_pair:ca62232766010cec"

2026-02-13 * "Transferência"
  Assets:BR:CdbC6                             -300.09 BRL
  Assets:BR:C6Bank                             300.09 BRL
  origem_id: "transfer_pair:ae8cdd6c6907a07b"

2026-02-13 * "Transferência"
  Assets:BR:CdbC6                            -4000.21 BRL
  Assets:BR:C6Bank                            4000.21 BRL
  origem_id: "transfer_pair:5f6597379a66c3de"

2026-02-28 * "Transferência"
  Assets:BR:BbCorrente                       -3500.00 BRL
  Assets:BR:BancoInter                        3500.00 BRL
  origem_id: "transfer_pair:b0107ff23d662937"

2026-02-28 * "pagto cartão"
  Assets:BR:BbCorrente                      -12000.00 BRL
  Assets:BR:C6Bank                           12000.00 BRL
  origem_id: "transfer_pair:96311bbf0e85fd04"

2025-01-18 * "Ajuste saldo"
  Liabilities:Cartao:CartaoDeCreditoInter       19.24 BRL
  Equity:Ajustes     -19.24 BRL
  origem_id: "ajuste_saldo"

2025-01-19 * "Ajuste saldo"
  Liabilities:Cartao:SmilesBbPlatinum           33.06 BRL
  Equity:Ajustes     -33.06 BRL
  origem_id: "ajuste_saldo"

2025-07-14 * "Ajuste saldo fatura"
  Liabilities:Cartao:SmilesBbPlatinum           47.10 BRL
  Equity:Ajustes     -47.10 BRL
  origem_id: "ajuste_saldo"

2025-09-18 * "Ajuste saldo"
  Liabilities:Cartao:SmilesBbPlatinum           13.79 BRL
  Equity:Ajustes     -13.79 BRL
  origem_id: "ajuste_saldo"

2025-11-30 * "ajuste"
  Equity:Ajustes       0.21 BRL
  Assets:BR:C6Bank                              -0.21 BRL
  origem_id: "ajuste_saldo"

2026-02-02 * "ajuste saldo"
  Assets:BR:TesouroEasyinvest                    0.01 BRL
  Equity:Ajustes      -0.01 BRL
  origem_id: "ajuste_saldo"

2025-01-03 * "Pagamento de fatura - Saraiva - Janeiro 2025"
  Liabilities:Cartao:Saraiva                   675.28 BRL
  Assets:BR:BbCorrente                        -675.28 BRL
  origem_id: "pagto_cartao"

2025-01-03 * "Pagamento de fatura - Cartão de crédito Inter - Janeiro 2025"
  Liabilities:Cartao:CartaoDeCreditoInter     2948.41 BRL
  Assets:BR:BancoInter                       -2948.41 BRL
  origem_id: "pagto_cartao"

2025-01-03 * "Pagamento de fatura - Smiles BB Platinum - Janeiro 2025"
  Liabilities:Cartao:SmilesBbPlatinum        17288.56 BRL
  Assets:BR:BbCorrente                      -17288.56 BRL
  origem_id: "pagto_cartao"

2025-02-03 * "Pagamento de fatura"
  Liabilities:Cartao:Saraiva                   386.02 BRL
  Assets:BR:BbCorrente                        -386.02 BRL
  origem_id: "pagto_cartao"

2025-02-03 * "Pagamento de fatura - Cartão de crédito Inter - Fevereiro..."
  Liabilities:Cartao:CartaoDeCreditoInter     1913.03 BRL
  Assets:BR:BancoInter                       -1913.03 BRL
  origem_id: "pagto_cartao"

2025-02-03 * "Pagamento de fatura - Smiles BB Platinum - Fevereiro 2025"
  Liabilities:Cartao:SmilesBbPlatinum        19390.43 BRL
  Assets:BR:BbCorrente                      -19390.43 BRL
  origem_id: "pagto_cartao"

2025-03-05 * "Pagamento de fatura"
  Liabilities:Cartao:Saraiva                   518.80 BRL
  Assets:BR:BbCorrente                        -518.80 BRL
  origem_id: "pagto_cartao"

2025-03-05 * "Pagamento de fatura"
  Liabilities:Cartao:MastercardC6Bank          871.72 BRL
  Assets:BR:C6Bank                            -871.72 BRL
  origem_id: "pagto_cartao"

2025-03-05 * "Pagamento de fatura"
  Liabilities:Cartao:CartaoDeCreditoInter     1342.79 BRL
  Assets:BR:BancoInter                       -1342.79 BRL
  origem_id: "pagto_cartao"

2025-03-05 * "Pagamento de fatura"
  Liabilities:Cartao:SmilesBbPlatinum        10487.43 BRL
  Assets:BR:BbCorrente                      -10487.43 BRL
  origem_id: "pagto_cartao"

2025-03-30 * "Pagamento de fatura"
  Liabilities:Cartao:MastercardC6Bank          327.96 BRL
  Assets:BR:C6Bank                            -327.96 BRL
  origem_id: "pagto_cartao"

2025-04-02 * "Pagamento de fatura"
  Liabilities:Cartao:CartaoDeCreditoInter     2143.96 BRL
  Assets:BR:BancoInter                       -2143.96 BRL
  origem_id: "pagto_cartao"

2025-04-03 * "Pagamento de fatura"
  Liabilities:Cartao:Saraiva                   285.65 BRL
  Assets:BR:BbCorrente                        -285.65 BRL
  origem_id: "pagto_cartao"

2025-04-03 * "Pagamento de fatura"
  Liabilities:Cartao:SmilesBbPlatinum        15316.37 BRL
  Assets:BR:BbCorrente                      -15316.37 BRL
  origem_id: "pagto_cartao"

2025-05-02 * "Pagamento de fatura"
  Liabilities:Cartao:CartaoDeCreditoInter     1858.99 BRL
  Assets:BR:BancoInter                       -1858.99 BRL
  origem_id: "pagto_cartao"

2025-05-05 * "Pagamento de fatura"
  Liabilities:Cartao:Saraiva                   143.27 BRL
  Assets:BR:BbCorrente                        -143.27 BRL
  origem_id: "pagto_cartao"

2025-05-05 * "Pagamento de fatura"
  Liabilities:Cartao:SmilesBbPlatinum        13270.41 BRL
  Assets:BR:BbCorrente                      -13270.41 BRL
  origem_id: "pagto_cartao"

2025-06-02 * "Pagamento de fatura"
  Liabilities:Cartao:CartaoDeCreditoInter      827.20 BRL
  Assets:BR:BancoInter                        -827.20 BRL
  origem_id: "pagto_cartao"

2025-06-03 * "Pagamento de fatura"
  Liabilities:Cartao:SmilesBbPlatinum        13438.02 BRL
  Assets:BR:BbCorrente                      -13438.02 BRL
  origem_id: "pagto_cartao"

2025-06-09 * "Pagamento de fatura"
  Liabilities:Cartao:Saraiva                   307.48 BRL
  Assets:BR:BbCorrente                        -307.48 BRL
  origem_id: "pagto_cartao"

2025-07-02 * "Pagamento de fatura"
  Liabilities:Cartao:Saraiva                   242.59 BRL
  Assets:BR:BbCorrente                        -242.59 BRL
  origem_id: "pagto_cartao"

2025-07-02 * "Pagamento de fatura"
  Liabilities:Cartao:CartaoDeCreditoInter     1600.42 BRL
  Assets:BR:BancoInter                       -1600.42 BRL
  origem_id: "pagto_cartao"

2025-07-03 * "Pagamento de fatura"
  Liabilities:Cartao:SmilesBbPlatinum        21529.20 BRL
  Assets:BR:BbCorrente                      -21529.20 BRL
  origem_id: "pagto_cartao"

2025-08-04 * "Pagamento de fatura"
  Liabilities:Cartao:CartaoDeCreditoInter      893.50 BRL
  Assets:BR:BancoInter                        -893.50 BRL
  origem_id: "pagto_cartao"

2025-08-04 * "Pagamento de fatura"
  Liabilities:Cartao:SmilesBbPlatinum        20035.06 BRL
  Assets:BR:BbCorrente                      -20035.06 BRL
  origem_id: "pagto_cartao"

2025-08-08 * "Pagamento de fatura"
  Liabilities:Cartao:Saraiva                   202.81 BRL
  Assets:BR:BbCorrente                        -202.81 BRL
  origem_id: "pagto_cartao"

2025-09-01 * "Pagamento de fatura"
  Liabilities:Cartao:Saraiva                   451.19 BRL
  Assets:BR:BbCorrente                        -451.19 BRL
  origem_id: "pagto_cartao"

2025-09-02 * "Pagamento de fatura"
  Liabilities:Cartao:CartaoDeCreditoInter     4544.68 BRL
  Assets:BR:BancoInter                       -4544.68 BRL
  origem_id: "pagto_cartao"

2025-09-03 * "Pagamento de fatura"
  Liabilities:Cartao:SmilesBbPlatinum         7882.53 BRL
  Assets:BR:BbCorrente                       -7882.53 BRL
  origem_id: "pagto_cartao"

2025-09-26 * "Pagamento de fatura"
  Liabilities:Cartao:MastercardC6Bank           55.21 BRL
  Assets:BR:C6Bank                             -55.21 BRL
  origem_id: "pagto_cartao"

2025-10-02 * "Pagamento de fatura"
  Liabilities:Cartao:CartaoDeCreditoInter     3075.34 BRL
  Assets:BR:BancoInter                       -3075.34 BRL
  origem_id: "pagto_cartao"

2025-10-03 * "Pagamento de fatura"
  Liabilities:Cartao:Saraiva                   731.23 BRL
  Assets:BR:BbCorrente                        -731.23 BRL
  origem_id: "pagto_cartao"

2025-10-03 * "Pagamento de fatura"
  Liabilities:Cartao:SmilesBbPlatinum         8227.72 BRL
  Assets:BR:BbCorrente                       -8227.72 BRL
  origem_id: "pagto_cartao"

2025-11-02 * "Pagamento de fatura"
  Liabilities:Cartao:MastercardC6Bank        11096.81 BRL
  Assets:BR:C6Bank                          -11096.81 BRL
  origem_id: "pagto_cartao"

2025-11-03 * "Pagamento de fatura"
  Liabilities:Cartao:Saraiva                   147.65 BRL
  Assets:BR:BbCorrente                        -147.65 BRL
  origem_id: "pagto_cartao"

2025-11-03 * "Pagamento de fatura"
  Liabilities:Cartao:CartaoDeCreditoInter     1977.07 BRL
  Assets:BR:BancoInter                       -1977.07 BRL
  origem_id: "pagto_cartao"

2025-11-03 * "Pagamento de fatura"
  Liabilities:Cartao:SmilesBbPlatinum         2881.42 BRL
  Assets:BR:BbCorrente                       -2881.42 BRL
  origem_id: "pagto_cartao"

2025-12-02 * "Pagamento de fatura"
  Liabilities:Cartao:CartaoDeCreditoInter     1671.42 BRL
  Assets:BR:BancoInter                       -1671.42 BRL
  origem_id: "pagto_cartao"

2025-12-02 * "Pagamento de fatura"
  Liabilities:Cartao:MastercardC6Bank        11929.99 BRL
  Assets:BR:C6Bank                          -11929.99 BRL
  origem_id: "pagto_cartao"

2025-12-03 * "Pagamento de fatura"
  Liabilities:Cartao:Saraiva                   147.65 BRL
  Assets:BR:BbCorrente                        -147.65 BRL
  origem_id: "pagto_cartao"

2025-12-03 * "Pagamento de fatura"
  Liabilities:Cartao:SmilesBbPlatinum         2357.93 BRL
  Assets:BR:BbCorrente                       -2357.93 BRL
  origem_id: "pagto_cartao"

2025-12-29 * "Pagamento de fatura"
  Liabilities:Cartao:MastercardC6Bank        14393.07 BRL
  Assets:BR:C6Bank                          -14393.07 BRL
  origem_id: "pagto_cartao"

2026-01-02 * "Pagamento de fatura"
  Liabilities:Cartao:Saraiva                   147.65 BRL
  Assets:BR:BbCorrente                        -147.65 BRL
  origem_id: "pagto_cartao"

2026-01-02 * "Pagamento de fatura"
  Liabilities:Cartao:CartaoDeCreditoInter     1269.73 BRL
  Assets:BR:BancoInter                       -1269.73 BRL
  origem_id: "pagto_cartao"

2026-01-05 * "Pagamento de fatura"
  Liabilities:Cartao:SmilesBbPlatinum         2592.68 BRL
  Assets:BR:BbCorrente                       -2592.68 BRL
  origem_id: "pagto_cartao"

2026-02-01 * "Pagamento de fatura"
  Liabilities:Cartao:LatamPass                 345.13 BRL
  Assets:BR:ItauPersonalite                   -345.13 BRL
  origem_id: "pagto_cartao"

2026-02-02 * "Pagamento de fatura"
  Liabilities:Cartao:Saraiva                    92.65 BRL
  Assets:BR:BbCorrente                         -92.65 BRL
  origem_id: "pagto_cartao"

2026-02-02 * "Pagamento de fatura"
  Liabilities:Cartao:CartaoDeCreditoInter     1571.17 BRL
  Assets:BR:BancoInter                       -1571.17 BRL
  origem_id: "pagto_cartao"

2026-02-02 * "Pagamento de fatura"
  Liabilities:Cartao:MastercardC6Bank        16820.42 BRL
  Assets:BR:C6Bank                          -16820.42 BRL
  origem_id: "pagto_cartao"

2026-02-03 * "Pagamento de fatura"
  Liabilities:Cartao:SmilesBbPlatinum         1638.13 BRL
  Assets:BR:BbCorrente                       -1638.13 BRL
  origem_id: "pagto_cartao"

2025-12-14 * "CLUBE 1                NITEROI       BRA,"
  Expenses:OutrosCartao                        105.00 BRL
  Liabilities:Cartao:MastercardC6Bank         -105.00 BRL
  origem_id: "despesa_cartao"

2026-01-26 * "ARMAZEM CAMBOINHAS NITEROI"
  Expenses:OutrosCartao                         58.93 BRL
  Liabilities:Cartao:LatamPass                 -58.93 BRL
  origem_id: "despesa_cartao"

2025-01-02 * "Pagamento de Boleto - PORTO S COMP DE S GERAIS  1/3"
  Expenses:Boletos                             338.09 BRL
  Assets:BR:BbCorrente                        -338.09 BRL
  origem_id: "pagto_boleto"

2025-01-30 * "Pagamento de Boleto - PORTO S COMP DE S GERAIS  2/3"
  Expenses:Boletos                             338.09 BRL
  Assets:BR:BbCorrente                        -338.09 BRL
  origem_id: "pagto_boleto"

2025-02-28 * "Pagamento de Boleto - PORTO S COMP DE S GERAIS  3/3"
  Expenses:Boletos                             338.10 BRL
  Assets:BR:BbCorrente                        -338.10 BRL
  origem_id: "pagto_boleto"

2025-08-08 * "Pagamento de Boleto - CIEBE CENTRO INTEGRADO DE ED"
  Expenses:Boletos                              69.00 BRL
  Assets:BR:BbCorrente                         -69.00 BRL
  origem_id: "pagto_boleto"

2025-01-01 * "TRESS MERCADO VAREJIST NITEROI"
  Expenses:Mercado                              11.44 BRL
  Liabilities:Cartao:SmilesBbPlatinum          -11.44 BRL
  origem_id: "despesa"

2025-01-01 * "APOIASE*APOIAse Vario São Paulo"
  Expenses:EduardoCuidadosPessoais              55.00 BRL
  Liabilities:Cartao:Saraiva                   -55.00 BRL
  origem_id: "despesa"

2025-01-01 * "Alipayaliexpress Pix"
  Expenses:EduardoCuidadosPessoais             220.13 BRL
  Assets:BR:BancoInter                        -220.13 BRL
  origem_id: "despesa"

2025-01-01 * "Tratamento DTM Carol 4/10"
  Expenses:ProfissionaisSaude                  480.00 BRL
  Liabilities:Cartao:SmilesBbPlatinum         -480.00 BRL
  origem_id: "despesa"

2025-01-02 * "Cobrança de I.O.F. - IOF Saldo Devedor Conta"
  Expenses:ImpostosETaxas                        8.70 BRL
  Assets:BR:BbCorrente                          -8.70 BRL
  origem_id: "despesa"

2025-01-02 * "Cobrança de Juros - Juros Saldo Devedor Conta"
  Expenses:ImpostosETaxas                       11.28 BRL
  Assets:BR:BbCorrente                         -11.28 BRL
  origem_id: "despesa"

2025-01-02 * "Ajuda plano saúde Luluca"
  Expenses:FamiliaDadi                          65.00 BRL
  Assets:BR:BancoInter                         -65.00 BRL
  origem_id: "despesa"

2025-01-02 * "Telefone Ana"
  Expenses:InternetTvCelulares                  76.99 BRL
  Assets:BR:BbCorrente                         -76.99 BRL
  origem_id: "despesa"

2025-01-02 * "Mesada Isabela"
  Expenses:AjudaBrunaIsabela                   100.00 BRL
  Assets:BR:BancoInter                        -100.00 BRL
  origem_id: "despesa"

2025-01-02 * "Ajuda mensal Nininha"
  Expenses:FamiliaDadi                         100.00 BRL
  Assets:BR:BancoInter                        -100.00 BRL
  origem_id: "despesa"

2025-01-02 * "Cesta básica Cristiane do jacaré"
  Expenses:Ofertas                             100.00 BRL
  Assets:BR:BancoInter                        -100.00 BRL
  origem_id: "despesa"

2025-01-02 * "Leste Telecom"
  Expenses:InternetTvCelulares                 129.99 BRL
  Assets:BR:BancoInter                        -129.99 BRL
  origem_id: "despesa"

2025-01-02 * "Terapias"
  Expenses:ProfissionaisSaude                  140.00 BRL
  Assets:BR:BancoInter                        -140.00 BRL
  origem_id: "despesa"

2025-01-02 * "Maquina lavar 1/10"
  Expenses:Mobilia                             196.68 BRL
  Liabilities:Cartao:SmilesBbPlatinum         -196.68 BRL
  origem_id: "despesa"

2025-01-02 * "Mesada Carol"
  Expenses:CarolCuidadosPessoais               210.00 BRL
  Assets:BR:BancoInter                        -210.00 BRL
  origem_id: "despesa"

2025-01-02 * "Dízimo congruas + oferta alimentação projeto"
  Expenses:Dizimos                             240.00 BRL
  Assets:BR:BancoInter                        -240.00 BRL
  origem_id: "despesa"

2025-01-02 * "Unimed Isabela"
  Expenses:AjudaBrunaIsabela                   250.00 BRL
  Assets:BR:BancoInter                        -250.00 BRL
  origem_id: "despesa"

2025-01-02 * "Ajude custo Angélica"
  Expenses:Manutencoes                         400.00 BRL
  Assets:BR:BancoInter                        -400.00 BRL
  origem_id: "despesa"

2025-01-02 * "Pix - Enviado - 01/01 09:46 Wise Brasil Corretora De C"
  Expenses:Portugal202502                     1303.51 BRL
  Assets:BR:BbCorrente                       -1303.51 BRL
  origem_id: "despesa"

2025-01-03 * "Océane Oceane Brilho Labial Rosa - Glossy Me Rose Océane ..."
  Expenses:CarolCuidadosPessoais                29.90 BRL
  Liabilities:Cartao:SmilesBbPlatinum          -29.90 BRL
  origem_id: "despesa"

2025-01-03 * "Pós grad de Ana"
  Expenses:PsicologiaAna                        69.00 BRL
  Assets:BR:BbCorrente                         -69.00 BRL
  origem_id: "despesa"

2025-01-03 * "Estacionamento Mulitcenter"
  Expenses:PsicologiaAna                        82.50 BRL
  Assets:BR:BbCorrente                         -82.50 BRL
  origem_id: "despesa"

2025-01-03 * "Psicanálise Ana"
  Expenses:PsicologiaAna                       159.20 BRL
  Assets:BR:BbCorrente                        -159.20 BRL
  origem_id: "despesa"

2025-01-03 * "SUPERMERCADO PADRAO D NITEROI"
  Expenses:Mercado                             162.10 BRL
  Liabilities:Cartao:SmilesBbPlatinum         -162.10 BRL
  origem_id: "despesa"

2025-01-03 * "UVA CArol"
  Expenses:EscolaCarol                         170.90 BRL
  Liabilities:Cartao:SmilesBbPlatinum         -170.90 BRL
  origem_id: "despesa"

2025-01-03 * "Terapia Carol"
  Expenses:ProfissionaisSaude                  175.00 BRL
  Assets:BR:BancoInter                        -175.00 BRL
  origem_id: "despesa"

2025-01-03 * "Psicologia Ana"
  Expenses:PsicologiaAna                       588.72 BRL
  Assets:BR:BbCorrente                        -588.72 BRL
  origem_id: "despesa"

2025-01-03 * "Pix - Enviado - 03/01 09:30 Wise Brasil Corretora De C"
  Expenses:Portugal202502                     1299.34 BRL
  Assets:BR:BbCorrente                       -1299.34 BRL
  origem_id: "despesa"

2025-01-03 * "Dízimo"
  Expenses:Dizimos                            2000.00 BRL
  Assets:BR:BancoInter                       -2000.00 BRL
  origem_id: "despesa"

2025-01-04 * "MP*REIDAPICANHA OSASCO"
  Expenses:BaresERestaurantes                  247.17 BRL
  Liabilities:Cartao:SmilesBbPlatinum         -247.17 BRL
  origem_id: "despesa"

2025-01-05 * "DROGARIA PRECO POPULAR NITEROI"
  Expenses:Medicamentos                         22.49 BRL
  Liabilities:Cartao:SmilesBbPlatinum          -22.49 BRL
  origem_id: "despesa"

2025-01-05 * "SUPERMERCADO REAL NITE NITEROI"
  Expenses:Mercado                             203.53 BRL
  Liabilities:Cartao:SmilesBbPlatinum         -203.53 BRL
  origem_id: "despesa"

2025-01-06 * "Chatpdf R"
  Expenses:EduardoCuidadosPessoais              24.99 BRL
  Liabilities:Cartao:SmilesBbPlatinum          -24.99 BRL
  origem_id: "despesa"

2025-01-06 * "TRESS MERCADO VAREJIST NITEROI"
  Expenses:Mercado                              85.96 BRL
  Liabilities:Cartao:SmilesBbPlatinum          -85.96 BRL
  origem_id: "despesa"

2025-01-06 * "Joseedmilsond NISIA FLORES 2/3"
  Expenses:Natal                               100.00 BRL
  Liabilities:Cartao:SmilesBbPlatinum         -100.00 BRL
  origem_id: "despesa"

2025-01-06 * "SUPERMERCADO REAL NITE NITEROI"
  Expenses:Mercado                             459.04 BRL
  Liabilities:Cartao:SmilesBbPlatinum         -459.04 BRL
  origem_id: "despesa"

2025-01-06 * "Luz"
  Expenses:Luz                                 834.69 BRL
  Assets:BR:BbCorrente                        -834.69 BRL
  origem_id: "despesa"

2025-01-07 * "IOF - COMPRA NO EXTERIOR"
  Expenses:EduardoCuidadosPessoais               0.84 BRL
  Liabilities:Cartao:SmilesBbPlatinum           -0.84 BRL
  origem_id: "despesa"

2025-01-07 * "TRESS MERCADO VAREJIST NITEROI"
  Expenses:Mercado                              27.30 BRL
  Liabilities:Cartao:SmilesBbPlatinum          -27.30 BRL
  origem_id: "despesa"

2025-01-07 * "Kit queijo"
  Expenses:Mobilia                              39.65 BRL
  Liabilities:Cartao:SmilesBbPlatinum          -39.65 BRL
  origem_id: "despesa"

2025-01-07 * "La Roche-Posay, Anthelios Airlicium, Protetor Solar Facia..."
  Expenses:CarolCuidadosPessoais                81.99 BRL
  Liabilities:Cartao:SmilesBbPlatinum          -81.99 BRL
  origem_id: "despesa"

2025-01-07 * "TRESS MERCADO VAREJIST NITEROI"
  Expenses:Mercado                              90.59 BRL
  Liabilities:Cartao:SmilesBbPlatinum          -90.59 BRL
  origem_id: "despesa"

2025-01-07 * "Ventilador"
  Expenses:Mobilia                             139.90 BRL
  Liabilities:Cartao:SmilesBbPlatinum         -139.90 BRL
  origem_id: "despesa"

2025-01-08 * "FARMACIA CAMBOINHAS LT NITEROI"
  Expenses:Medicamentos                         38.99 BRL
  Liabilities:Cartao:SmilesBbPlatinum          -38.99 BRL
  origem_id: "despesa"

2025-01-08 * "TRESS MERCADO VAREJIST NITEROI"
  Expenses:Mercado                              62.41 BRL
  Liabilities:Cartao:SmilesBbPlatinum          -62.41 BRL
  origem_id: "despesa"

2025-01-08 * "ZeeNow Sao Paulo"
  Expenses:CarolCuidadosPessoais                85.55 BRL
  Liabilities:Cartao:SmilesBbPlatinum          -85.55 BRL
  origem_id: "despesa"

2025-01-08 * "MERCADOLIVRE*5PRODUTOS OSASCO"
  Expenses:Mercado                              96.51 BRL
  Liabilities:Cartao:SmilesBbPlatinum          -96.51 BRL
  origem_id: "despesa"

2025-01-08 * "whey carol"
  Expenses:CarolCuidadosPessoais               134.48 BRL
  Liabilities:Cartao:SmilesBbPlatinum         -134.48 BRL
  origem_id: "despesa"

2025-01-08 * "POPULAR ITAIPU NITEROI"
  Expenses:Medicamentos                        149.28 BRL
  Liabilities:Cartao:SmilesBbPlatinum         -149.28 BRL
  origem_id: "despesa"

2025-01-08 * "Pix - Enviado - 08/01 10:22 Wise Brasil Corretora De C"
  Expenses:Portugal202502                     1930.92 BRL
  Assets:BR:BbCorrente                       -1930.92 BRL
  origem_id: "despesa"

2025-01-09 * "MESTRE DO SUCO NITEROI"
  Expenses:BaresERestaurantes                   30.00 BRL
  Liabilities:Cartao:SmilesBbPlatinum          -30.00 BRL
  origem_id: "despesa"

2025-01-09 * "SUPERMERCADO PADRAO D NITEROI"
  Expenses:Mercado                              33.75 BRL
  Liabilities:Cartao:SmilesBbPlatinum          -33.75 BRL
  origem_id: "despesa"

2025-01-09 * "POPULAR ITAIPU NITEROI"
  Expenses:Medicamentos                         67.11 BRL
  Liabilities:Cartao:SmilesBbPlatinum          -67.11 BRL
  origem_id: "despesa"

2025-01-09 * "Conta de água"
  Expenses:Agua                                318.74 BRL
  Assets:BR:BbCorrente                        -318.74 BRL
  origem_id: "despesa"

2025-01-10 * "FARMACIA CAMBOINHAS LT NITEROI"
  Expenses:Medicamentos                         28.98 BRL
  Liabilities:Cartao:SmilesBbPlatinum          -28.98 BRL
  origem_id: "despesa"

2025-01-10 * "RAIA2694 NITERI"
  Expenses:Medicamentos                         94.66 BRL
  Liabilities:Cartao:SmilesBbPlatinum          -94.66 BRL
  origem_id: "despesa"

2025-01-10 * "Sem parar"
  Expenses:Semparar                            160.39 BRL
  Assets:BR:BbCorrente                        -160.39 BRL
  origem_id: "despesa"

2025-01-10 * "SUPERMERCADO PADRAO D NITEROI"
  Expenses:Mercado                             227.63 BRL
  Liabilities:Cartao:SmilesBbPlatinum         -227.63 BRL
  origem_id: "despesa"

2025-01-10 * "ISJBCOLEGIO S PARC 01/07 NITEROI 1/7"
  Expenses:AjudaBrunaIsabela                   752.25 BRL
  Liabilities:Cartao:SmilesBbPlatinum         -752.25 BRL
  origem_id: "despesa"

2025-01-10 * "ISJBCOLEGIO SALESIANO NITEROI"
  Expenses:AjudaBrunaIsabela                  2210.00 BRL
  Liabilities:Cartao:SmilesBbPlatinum        -2210.00 BRL
  origem_id: "despesa"

2025-01-10 * "Pix - Enviado - 10/01 10:41 Wise Brasil Corretora De C"
  Expenses:Portugal202502                     2550.13 BRL
  Assets:BR:BbCorrente                       -2550.13 BRL
  origem_id: "despesa"

2025-01-11 * "POSTO MARALEGRE NITEROI"
  Expenses:Gasolina                            100.00 BRL
  Liabilities:Cartao:SmilesBbPlatinum         -100.00 BRL
  origem_id: "despesa"

2025-01-11 * "SUPERMERCADO REAL NITE NITEROI"
  Expenses:Mercado                             603.35 BRL
  Liabilities:Cartao:SmilesBbPlatinum         -603.35 BRL
  origem_id: "despesa"

2025-01-11 * "Natal 4/6"
  Expenses:Natal                               656.36 BRL
  Liabilities:Cartao:SmilesBbPlatinum         -656.36 BRL
  origem_id: "despesa"

2025-01-12 * "EXTRA HIPER-1804 NITEROI"
  Expenses:BaresERestaurantes                    5.99 BRL
  Liabilities:Cartao:SmilesBbPlatinum           -5.99 BRL
  origem_id: "despesa"

2025-01-12 * "MCDONALDS NITEROI"
  Expenses:BaresERestaurantes                    8.90 BRL
  Liabilities:Cartao:SmilesBbPlatinum           -8.90 BRL
  origem_id: "despesa"

2025-01-12 * "DROGAS PACHECO 238 NITEROI"
  Expenses:Medicamentos                         15.98 BRL
  Liabilities:Cartao:SmilesBbPlatinum          -15.98 BRL
  origem_id: "despesa"

2025-01-12 * "EXTRA HIPER-1804 NITEROI"
  Expenses:BaresERestaurantes                   16.90 BRL
  Liabilities:Cartao:SmilesBbPlatinum          -16.90 BRL
  origem_id: "despesa"

2025-01-12 * "KOPENHAGEM ITAIPU NITEROI"
  Expenses:BaresERestaurantes                   31.90 BRL
  Liabilities:Cartao:SmilesBbPlatinum          -31.90 BRL
  origem_id: "despesa"

2025-01-12 * "EXTRA HIPER-1804 NITEROI"
  Expenses:Mercado                              75.10 BRL
  Liabilities:Cartao:SmilesBbPlatinum          -75.10 BRL
  origem_id: "despesa"

2025-01-12 * "MARY COOKS NITEROI"
  Expenses:BaresERestaurantes                   81.25 BRL
  Liabilities:Cartao:SmilesBbPlatinum          -81.25 BRL
  origem_id: "despesa"

2025-01-12 * "DROGARIA PRECO POPULAR NITEROI"
  Expenses:Medicamentos                        253.50 BRL
  Liabilities:Cartao:SmilesBbPlatinum         -253.50 BRL
  origem_id: "despesa"

2025-01-13 * "TRESS MERCADO VAREJIST NITEROI"
  Expenses:Mercado                              59.65 BRL
  Liabilities:Cartao:SmilesBbPlatinum          -59.65 BRL
  origem_id: "despesa"

2025-01-13 * "CompanySoftFiltro NITEROI"
  Expenses:Manutencoes                         140.00 BRL
  Liabilities:Cartao:SmilesBbPlatinum         -140.00 BRL
  origem_id: "despesa"

2025-01-13 * "MERCADOLIVRE*SHOPMEGA SO PAULO"
  Expenses:Portugal202502                      364.59 BRL
  Liabilities:Cartao:SmilesBbPlatinum         -364.59 BRL
  origem_id: "despesa"

2025-01-13 * "Pix - Enviado - 13/01 12:14 Wise Brasil Corretora De C"
  Expenses:Portugal202502                     1271.47 BRL
  Assets:BR:BbCorrente                       -1271.47 BRL
  origem_id: "despesa"

2025-01-14 * "PAO E ETC PRAIA ICARAI NITEROI BR"
  Expenses:EduardoCuidadosPessoais               9.90 BRL
  Liabilities:Cartao:SmilesBbPlatinum           -9.90 BRL
  origem_id: "despesa"

2025-01-14 * "DL *GOOGLE YouTubePrem SAO PAULO BR"
  Expenses:AssinaturasEServicos                 13.90 BRL
  Liabilities:Cartao:SmilesBbPlatinum          -13.90 BRL
  origem_id: "despesa"

2025-01-14 * "CONDOMINIO DO EDIFIC NITEROI BR"
  Expenses:FamiliaDadi                          20.00 BRL
  Liabilities:Cartao:SmilesBbPlatinum          -20.00 BRL
  origem_id: "despesa"

2025-01-14 * "TRESS MERCADO VAREJIST NITEROI BR"
  Expenses:Mercado                              27.96 BRL
  Liabilities:Cartao:SmilesBbPlatinum          -27.96 BRL
  origem_id: "despesa"

2025-01-14 * "Star plus + mercado livre"
  Expenses:CinemaEAluguelDeVideosEMusica        27.99 BRL
  Liabilities:Cartao:SmilesBbPlatinum          -27.99 BRL
  origem_id: "despesa"

2025-01-14 * "SUPERMERCADO PADRAO D NITEROI BR"
  Expenses:Mercado                             140.39 BRL
  Liabilities:Cartao:SmilesBbPlatinum         -140.39 BRL
  origem_id: "despesa"

2025-01-14 * "SUPERMERCADO REAL NITE NITEROI BR"
  Expenses:Mercado                             526.39 BRL
  Liabilities:Cartao:SmilesBbPlatinum         -526.39 BRL
  origem_id: "despesa"

2025-01-15 * "Genera 6/9"
  Expenses:EduardoCuidadosPessoais              33.89 BRL
  Liabilities:Cartao:CartaoDeCreditoInter      -33.89 BRL
  origem_id: "despesa"

2025-01-15 * "Pagto conta telefone - TIM S/A - 3357"
  Expenses:InternetTvCelulares                  75.99 BRL
  Assets:BR:BancoInter                         -75.99 BRL
  origem_id: "despesa"

2025-01-15 * "Wine 7/12"
  Expenses:Mercado                             119.42 BRL
  Liabilities:Cartao:CartaoDeCreditoInter     -119.42 BRL
  origem_id: "despesa"

2025-01-15 * "CIROD - ITAIPU NITEROI BR (RX ANa)"
  Expenses:ProfissionaisSaude                  195.00 BRL
  Liabilities:Cartao:SmilesBbPlatinum         -195.00 BRL
  origem_id: "despesa"

2025-01-15 * "Euros"
  Expenses:Portugal202502                     2536.84 BRL
  Assets:BR:BbCorrente                       -2536.84 BRL
  origem_id: "despesa"

2025-01-16 * "MP*HAVONNAN OSASCO BR"
  Expenses:CarolCuidadosPessoais                10.00 BRL
  Liabilities:Cartao:SmilesBbPlatinum          -10.00 BRL
  origem_id: "despesa"

2025-01-16 * "ART PIZZA NITEROI BR"
  Expenses:AnaCuidadosPessoais                  37.29 BRL
  Liabilities:Cartao:SmilesBbPlatinum          -37.29 BRL
  origem_id: "despesa"

2025-01-16 * "Pix - Enviado - 16/01 10:41 Wise Brasil Corretora De C"
  Expenses:Portugal202502                     1897.76 BRL
  Assets:BR:BbCorrente                       -1897.76 BRL
  origem_id: "despesa"

2025-01-17 * "TRESS MERCADO VAREJIST NITEROI BR"
  Expenses:Mercado                              61.08 BRL
  Liabilities:Cartao:SmilesBbPlatinum          -61.08 BRL
  origem_id: "despesa"

2025-01-18 * "Spotify"
  Expenses:CinemaEAluguelDeVideosEMusica        34.90 BRL
  Liabilities:Cartao:CartaoDeCreditoInter      -34.90 BRL
  origem_id: "despesa"

2025-01-18 * "AMAZON BR SAO PAULO BR"
  Expenses:Mercado                              44.06 BRL
  Liabilities:Cartao:SmilesBbPlatinum          -44.06 BRL
  origem_id: "despesa"

2025-01-18 * "AMAZON BR SAO PAULO BR"
  Expenses:Mercado                              48.42 BRL
  Liabilities:Cartao:SmilesBbPlatinum          -48.42 BRL
  origem_id: "despesa"

2025-01-18 * "COBASI GUANAB PARC  2/2"
  Expenses:AnaCuidadosPessoais                  82.95 BRL
  Liabilities:Cartao:SmilesBbPlatinum          -82.95 BRL
  origem_id: "despesa"

2025-01-18 * "MERCADO PRAIA NITEROI BR"
  Expenses:CarolCuidadosPessoais                89.90 BRL
  Liabilities:Cartao:SmilesBbPlatinum          -89.90 BRL
  origem_id: "despesa"

2025-01-18 * "DROGARIAS PACHECO NITEROI BR"
  Expenses:Medicamentos                        125.54 BRL
  Liabilities:Cartao:SmilesBbPlatinum         -125.54 BRL
  origem_id: "despesa"

2025-01-18 * "Mercado total"
  Expenses:Mercado                             228.42 BRL
  Liabilities:Cartao:CartaoDeCreditoInter     -228.42 BRL
  origem_id: "despesa"

2025-01-18 * "Carol total fatura cartao"
  Expenses:CarolCuidadosPessoais               587.64 BRL
  Liabilities:Cartao:CartaoDeCreditoInter     -587.64 BRL
  origem_id: "despesa"

2025-01-19 * "MERCADOLIVRE*EBARTYSTOROSASCO BR"
  Expenses:EduardoCuidadosPessoais              35.10 BRL
  Liabilities:Cartao:SmilesBbPlatinum          -35.10 BRL
  origem_id: "despesa"

2025-01-19 * "SHOPEE *HLFASHIONModaf S?o Paulo BR"
  Expenses:AnaCuidadosPessoais                  81.06 BRL
  Liabilities:Cartao:SmilesBbPlatinum          -81.06 BRL
  origem_id: "despesa"

2025-01-19 * "LABORATORIO M PARC 01/06 NITEROI 3/6"
  Expenses:ProfissionaisSaude                   99.87 BRL
  Liabilities:Cartao:SmilesBbPlatinum          -99.87 BRL
  origem_id: "despesa"

2025-01-19 * "SUPERMERCADO REAL NITE NITEROI BR"
  Expenses:Mercado                             236.82 BRL
  Liabilities:Cartao:SmilesBbPlatinum         -236.82 BRL
  origem_id: "despesa"

2025-01-19 * "Viagem 2024-02 7/10"
  Expenses:Portugal202502                      782.52 BRL
  Liabilities:Cartao:CartaoDeCreditoInter     -782.52 BRL
  origem_id: "despesa"

2025-01-20 * "MR TRIGO NITEROI BR"
  Expenses:BaresERestaurantes                   37.50 BRL
  Liabilities:Cartao:SmilesBbPlatinum          -37.50 BRL
  origem_id: "despesa"

2025-01-20 * "TIM*maisbbb248m RIO DE JANEIR BR"
  Expenses:InternetTvCelulares                  43.37 BRL
  Liabilities:Cartao:Saraiva                   -43.37 BRL
  origem_id: "despesa"

2025-01-21 * "ANUIDADE DIFERENCIADA TIT-PARC 05/12"
  Expenses:Viagem                               48.00 BRL
  Liabilities:Cartao:SmilesBbPlatinum          -48.00 BRL
  origem_id: "despesa"

2025-01-21 * "POSTO TREVO DE PIRATIN NITEROI BR"
  Expenses:Gasolina                            102.00 BRL
  Liabilities:Cartao:SmilesBbPlatinum         -102.00 BRL
  origem_id: "despesa"

2025-01-21 * "Raia Drogasil S A"
  Expenses:Medicamentos                        128.14 BRL
  Assets:BR:BancoInter                        -128.14 BRL
  origem_id: "despesa"

2025-01-21 * "UNIDAS LOCADO PARC  3/3"
  Expenses:Natal                               242.75 BRL
  Liabilities:Cartao:Saraiva                  -242.75 BRL
  origem_id: "despesa"

2025-01-21 * "Camila Castilho Machado Rosa"
  Expenses:ProfissionaisSaude                  350.00 BRL
  Assets:BR:BancoInter                        -350.00 BRL
  origem_id: "despesa"

2025-01-21 * "SUPERMERCADO REAL NITE NITEROI BR"
  Expenses:Mercado                             500.65 BRL
  Liabilities:Cartao:SmilesBbPlatinum         -500.65 BRL
  origem_id: "despesa"

2025-01-22 * "Apoio Jones Manuel"
  Expenses:EduardoCuidadosPessoais               4.99 BRL
  Liabilities:Cartao:SmilesBbPlatinum           -4.99 BRL
  origem_id: "despesa"

2025-01-22 * "COMPAO NITEROI BR"
  Expenses:BaresERestaurantes                    8.00 BRL
  Liabilities:Cartao:SmilesBbPlatinum           -8.00 BRL
  origem_id: "despesa"

2025-01-22 * "EXTRA HIPER-1804 NITEROI BR"
  Expenses:Mercado                               8.90 BRL
  Liabilities:Cartao:SmilesBbPlatinum           -8.90 BRL
  origem_id: "despesa"

2025-01-22 * "EXTRA HIPER-1804 NITEROI BR"
  Expenses:Mercado                             111.68 BRL
  Liabilities:Cartao:SmilesBbPlatinum         -111.68 BRL
  origem_id: "despesa"

2025-01-23 * "Amazon Kindle Unltd SAO PAULO BR"
  Expenses:Livros                               19.90 BRL
  Liabilities:Cartao:SmilesBbPlatinum          -19.90 BRL
  origem_id: "despesa"

2025-01-23 * "SABOR E ARTE COMERCIO DNITEROI BR"
  Expenses:BaresERestaurantes                   21.00 BRL
  Liabilities:Cartao:SmilesBbPlatinum          -21.00 BRL
  origem_id: "despesa"

2025-01-23 * "MERCADOLIVRE*4PRODUTOS OSASCO BR"
  Expenses:Diversos                            106.08 BRL
  Liabilities:Cartao:SmilesBbPlatinum         -106.08 BRL
  origem_id: "despesa"

2025-01-23 * "MERCADOLIVRE*4PRODUTOS OSASCO BR"
  Expenses:Diversos                            107.98 BRL
  Liabilities:Cartao:SmilesBbPlatinum         -107.98 BRL
  origem_id: "despesa"

2025-01-24 * "DROG OCEAN FARMA NITEROI BR"
  Expenses:Medicamentos                          5.99 BRL
  Liabilities:Cartao:SmilesBbPlatinum           -5.99 BRL
  origem_id: "despesa"

2025-01-24 * "LAGOA II MATERIAL DE C NITEROI BR"
  Expenses:Manutencoes                          35.00 BRL
  Liabilities:Cartao:SmilesBbPlatinum          -35.00 BRL
  origem_id: "despesa"

2025-01-24 * "TRESS MERCADO VAREJIST NITEROI BR"
  Expenses:Mercado                              58.36 BRL
  Liabilities:Cartao:SmilesBbPlatinum          -58.36 BRL
  origem_id: "despesa"

2025-01-24 * "PARC=112 Smil PARC 01/12 Barueri 5/12"
  Expenses:Viagem                               70.20 BRL
  Liabilities:Cartao:SmilesBbPlatinum          -70.20 BRL
  origem_id: "despesa"

2025-01-24 * "SUPERMERCADO PADRAO D NITEROI BR"
  Expenses:Mercado                              93.15 BRL
  Liabilities:Cartao:SmilesBbPlatinum          -93.15 BRL
  origem_id: "despesa"

2025-01-24 * "AMOEDO ITAIPU NITEROI 3/5"
  Expenses:Manutencoes                         106.09 BRL
  Liabilities:Cartao:SmilesBbPlatinum         -106.09 BRL
  origem_id: "despesa"

2025-01-24 * "Uber Carol"
  Expenses:CarolCuidadosPessoais               159.58 BRL
  Liabilities:Cartao:CartaoDeCreditoInter     -159.58 BRL
  origem_id: "despesa"

2025-01-24 * "Mauricio Pessanha Lima"
  Expenses:Manutencoes                         232.00 BRL
  Assets:BR:BancoInter                        -232.00 BRL
  origem_id: "despesa"

2025-01-25 * "VARIEDADES PIRATININ NITEROI BR"
  Expenses:Manutencoes                          13.00 BRL
  Liabilities:Cartao:SmilesBbPlatinum          -13.00 BRL
  origem_id: "despesa"

2025-01-25 * "EXTRA HIPER-1804 NITEROI BR"
  Expenses:Mercado                              16.49 BRL
  Liabilities:Cartao:SmilesBbPlatinum          -16.49 BRL
  origem_id: "despesa"

2025-01-25 * "REBECA PORTO CAKE NITEROI BR"
  Expenses:BaresERestaurantes                   24.90 BRL
  Liabilities:Cartao:SmilesBbPlatinum          -24.90 BRL
  origem_id: "despesa"

2025-01-25 * "REBECA PORTO CAKE NITEROI BR"
  Expenses:BaresERestaurantes                   28.80 BRL
  Liabilities:Cartao:SmilesBbPlatinum          -28.80 BRL
  origem_id: "despesa"

2025-01-25 * "BELLINE NITEROI BR"
  Expenses:BaresERestaurantes                   51.90 BRL
  Liabilities:Cartao:SmilesBbPlatinum          -51.90 BRL
  origem_id: "despesa"

2025-01-25 * "MERCADOLIVRE*MALUMIS OSASCO BR - sacos vácuo"
  Expenses:Portugal202502                       52.89 BRL
  Liabilities:Cartao:SmilesBbPlatinum          -52.89 BRL
  origem_id: "despesa"

2025-01-25 * "CASA E VIDEO 264 NITEROI BR"
  Expenses:Mobilia                              76.95 BRL
  Liabilities:Cartao:SmilesBbPlatinum          -76.95 BRL
  origem_id: "despesa"

2025-01-25 * "MARY COOKS NITEROI BR"
  Expenses:BaresERestaurantes                   80.95 BRL
  Liabilities:Cartao:SmilesBbPlatinum          -80.95 BRL
  origem_id: "despesa"

2025-01-26 * "AMAZON BR SAO PAULO BR"
  Expenses:CarolCuidadosPessoais                 9.54 BRL
  Liabilities:Cartao:SmilesBbPlatinum           -9.54 BRL
  origem_id: "despesa"

2025-01-26 * "ICL com apoio a bolsista 9/12"
  Expenses:Cursos                               62.00 BRL
  Liabilities:Cartao:CartaoDeCreditoInter      -62.00 BRL
  origem_id: "despesa"

2025-01-26 * "Sandro 2/2"
  Expenses:Manutencoes                          70.00 BRL
  Assets:BR:BancoInter                         -70.00 BRL
  origem_id: "despesa"

2025-01-26 * "Sandro 1/2"
  Expenses:Manutencoes                         150.00 BRL
  Assets:BR:BancoInter                        -150.00 BRL
  origem_id: "despesa"

2025-01-26 * "MERCADOLIVRE*TITANESESPOSASCO BR - tenis Ana"
  Expenses:AnaCuidadosPessoais                 266.62 BRL
  Liabilities:Cartao:SmilesBbPlatinum         -266.62 BRL
  origem_id: "despesa"

2025-01-26 * "SUPERMERCADO REAL NITE NITEROI BRmer"
  Expenses:Mercado                             384.81 BRL
  Liabilities:Cartao:SmilesBbPlatinum         -384.81 BRL
  origem_id: "despesa"

2025-01-27 * "PAYPAL *SHENDUQRWEA 18658850911 HK - echip"
  Expenses:Portugal202502                       33.19 BRL
  Liabilities:Cartao:SmilesBbPlatinum          -33.19 BRL
  origem_id: "despesa"

2025-01-27 * "AMAZON BR SAO PAULO BR"
  Expenses:Portugal202502                      179.80 BRL
  Liabilities:Cartao:SmilesBbPlatinum         -179.80 BRL
  origem_id: "despesa"

2025-01-27 * "Ajude custo Angélica"
  Expenses:Manutencoes                         400.00 BRL
  Assets:BR:BancoInter                        -400.00 BRL
  origem_id: "despesa"

2025-01-28 * "IOF - COMPRA NO EXTERIOR"
  Expenses:ImpostosETaxas                        1.12 BRL
  Liabilities:Cartao:SmilesBbPlatinum           -1.12 BRL
  origem_id: "despesa"

2025-01-28 * "MERCADO SOL AMP MAR NITEROI BRme"
  Expenses:Mercado                              44.79 BRL
  Liabilities:Cartao:SmilesBbPlatinum          -44.79 BRL
  origem_id: "despesa"

2025-01-28 * "Netflix"
  Expenses:CinemaEAluguelDeVideosEMusica        44.90 BRL
  Liabilities:Cartao:Saraiva                   -44.90 BRL
  origem_id: "despesa"

2025-01-28 * "EXTRA HIPER-1804 NITEROI BR"
  Expenses:Mercado                              64.42 BRL
  Liabilities:Cartao:SmilesBbPlatinum          -64.42 BRL
  origem_id: "despesa"

2025-01-28 * "ESPACOLASERRJ 5/11"
  Expenses:CarolCuidadosPessoais                89.08 BRL
  Liabilities:Cartao:SmilesBbPlatinum          -89.08 BRL
  origem_id: "despesa"

2025-01-28 * "Curso tatuagem Juju 1/12"
  Expenses:AjudaFamilia                        170.38 BRL
  Liabilities:Cartao:SmilesBbPlatinum         -170.38 BRL
  origem_id: "despesa"

2025-01-29 * "AMAZON BR SAO PAULO BR"
  Expenses:CarolCuidadosPessoais                 4.17 BRL
  Liabilities:Cartao:SmilesBbPlatinum           -4.17 BRL
  origem_id: "despesa"

2025-01-29 * "Cheirin bão"
  Expenses:BaresERestaurantes                    9.90 BRL
  Liabilities:Cartao:CartaoDeCreditoInter       -9.90 BRL
  origem_id: "despesa"

2025-01-29 * "HBO Max"
  Expenses:CinemaEAluguelDeVideosEMusica        19.95 BRL
  Liabilities:Cartao:SmilesBbPlatinum          -19.95 BRL
  origem_id: "despesa"

2025-01-29 * "Passagens semana Carol"
  Expenses:CarolCuidadosPessoais                20.00 BRL
  Assets:BR:BancoInter                         -20.00 BRL
  origem_id: "despesa"

2025-01-29 * "AMAZON BR SAO PAULO BR"
  Expenses:CarolCuidadosPessoais                20.07 BRL
  Liabilities:Cartao:SmilesBbPlatinum          -20.07 BRL
  origem_id: "despesa"

2025-01-29 * "AIRALO SINGAPORE SG"
  Expenses:Portugal202502                       42.90 BRL
  Liabilities:Cartao:SmilesBbPlatinum          -42.90 BRL
  origem_id: "despesa"

2025-01-29 * "POSTO MARALEGRE NITEROI BR"
  Expenses:Gasolina                            100.00 BRL
  Liabilities:Cartao:SmilesBbPlatinum         -100.00 BRL
  origem_id: "despesa"

2025-01-29 * "Kaori NITEROI BR"
  Expenses:AnaCuidadosPessoais                 103.85 BRL
  Liabilities:Cartao:SmilesBbPlatinum         -103.85 BRL
  origem_id: "despesa"

2025-01-29 * "DrykaBelezaCoiffe NITEROI BR"
  Expenses:AnaCuidadosPessoais                 254.00 BRL
  Liabilities:Cartao:SmilesBbPlatinum         -254.00 BRL
  origem_id: "despesa"

2025-01-30 * "IOF - COMPRA NO EXTERIOR"
  Expenses:Portugal202502                        1.45 BRL
  Liabilities:Cartao:SmilesBbPlatinum           -1.45 BRL
  origem_id: "despesa"

2025-01-30 * "PAYPAL *AIRALO 4029357733 SG"
  Expenses:Portugal202502                       30.84 BRL
  Liabilities:Cartao:SmilesBbPlatinum          -30.84 BRL
  origem_id: "despesa"

2025-01-30 * "Tress Mercado Camboinhas"
  Expenses:Mercado                              58.58 BRL
  Liabilities:Cartao:CartaoDeCreditoInter      -58.58 BRL
  origem_id: "despesa"

2025-01-30 * "SUPERMERCADO REAL NITE NITEROI BR"
  Expenses:Mercado                             544.26 BRL
  Liabilities:Cartao:SmilesBbPlatinum         -544.26 BRL
  origem_id: "despesa"

2025-01-31 * "TRESS MERCADO VAREJIST NITEROI BR"
  Expenses:Mercado                              15.46 BRL
  Liabilities:Cartao:SmilesBbPlatinum          -15.46 BRL
  origem_id: "despesa"

2025-01-31 * "Barbeiro"
  Expenses:EduardoCuidadosPessoais              30.00 BRL
  Assets:BR:BancoInter                         -30.00 BRL
  origem_id: "despesa"

2025-01-31 * "PIZZA DO RAO ITAIPU NITEROI BR"
  Expenses:BaresERestaurantes                  130.68 BRL
  Liabilities:Cartao:SmilesBbPlatinum         -130.68 BRL
  origem_id: "despesa"

2025-01-31 * "DROGARIA PRECO POPULAR NITEROI BR"
  Expenses:Medicamentos                        247.77 BRL
  Liabilities:Cartao:SmilesBbPlatinum         -247.77 BRL
  origem_id: "despesa"

2025-01-31 * "SUPERMERCADO REAL NITE NITEROI BR"
  Expenses:Mercado                             782.60 BRL
  Liabilities:Cartao:SmilesBbPlatinum         -782.60 BRL
  origem_id: "despesa"

2025-02-01 * "KOPENHAGEM ITAIPU NITEROI BR"
  Expenses:BaresERestaurantes                   14.40 BRL
  Liabilities:Cartao:SmilesBbPlatinum          -14.40 BRL
  origem_id: "despesa"

2025-02-01 * "BebetoRacoes NITEROI BR"
  Expenses:AnaCuidadosPessoais                  24.90 BRL
  Liabilities:Cartao:SmilesBbPlatinum          -24.90 BRL
  origem_id: "despesa"

2025-02-01 * "EXTRA HIPER-1804 NITEROI BR"
  Expenses:Mercado                              26.56 BRL
  Liabilities:Cartao:SmilesBbPlatinum          -26.56 BRL
  origem_id: "despesa"

2025-02-01 * "LOJAS AMERICANAS 879 SAO PAULO BR"
  Expenses:AnaCuidadosPessoais                  53.96 BRL
  Liabilities:Cartao:SmilesBbPlatinum          -53.96 BRL
  origem_id: "despesa"

2025-02-01 * "APOIASE*APOIAse Vario São Paulo"
  Expenses:EduardoCuidadosPessoais              55.00 BRL
  Liabilities:Cartao:Saraiva                   -55.00 BRL
  origem_id: "despesa"

2025-02-01 * "EXTRA HIPER-1804 NITEROI BR"
  Expenses:Mercado                             104.12 BRL
  Liabilities:Cartao:SmilesBbPlatinum         -104.12 BRL
  origem_id: "despesa"

2025-02-01 * "NABRASA NITEROI BR"
  Expenses:BaresERestaurantes                  125.50 BRL
  Liabilities:Cartao:SmilesBbPlatinum         -125.50 BRL
  origem_id: "despesa"

2025-02-01 * "Mesada Carol"
  Expenses:CarolCuidadosPessoais               210.00 BRL
  Assets:BR:BancoInter                        -210.00 BRL
  origem_id: "despesa"

2025-02-01 * "DROGARIA VENANCIO NITEROI BR"
  Expenses:Medicamentos                        218.78 BRL
  Liabilities:Cartao:SmilesBbPlatinum         -218.78 BRL
  origem_id: "despesa"

2025-02-01 * "Tratamento DTM Carol 5/10"
  Expenses:ProfissionaisSaude                  480.00 BRL
  Liabilities:Cartao:SmilesBbPlatinum         -480.00 BRL
  origem_id: "despesa"

2025-02-02 * "EXTRA HIPER-1804 NITEROI BR"
  Expenses:BaresERestaurantes                    6.49 BRL
  Liabilities:Cartao:SmilesBbPlatinum           -6.49 BRL
  origem_id: "despesa"

2025-02-02 * "BELLINE NITEROI BR"
  Expenses:BaresERestaurantes                    7.50 BRL
  Liabilities:Cartao:SmilesBbPlatinum           -7.50 BRL
  origem_id: "despesa"

2025-02-02 * "COMPAO ITAIPU NITEROI BR"
  Expenses:BaresERestaurantes                    8.00 BRL
  Liabilities:Cartao:SmilesBbPlatinum           -8.00 BRL
  origem_id: "despesa"

2025-02-02 * "AMOEDO ITAIPU NITEROI BR"
  Expenses:Portugal202502                       14.50 BRL
  Liabilities:Cartao:SmilesBbPlatinum          -14.50 BRL
  origem_id: "despesa"

2025-02-02 * "REBECA PORTO CAKE NITEROI BR"
  Expenses:BaresERestaurantes                   16.90 BRL
  Liabilities:Cartao:SmilesBbPlatinum          -16.90 BRL
  origem_id: "despesa"

2025-02-02 * "Baba forminhas 1/12"
  Expenses:FamiliaDadi                          19.73 BRL
  Liabilities:Cartao:SmilesBbPlatinum          -19.73 BRL
  origem_id: "despesa"

2025-02-02 * "BELLINE NITEROI BR"
  Expenses:BaresERestaurantes                   22.90 BRL
  Liabilities:Cartao:SmilesBbPlatinum          -22.90 BRL
  origem_id: "despesa"

2025-02-02 * "BENE GELATO NITEROI BR"
  Expenses:BaresERestaurantes                   25.00 BRL
  Liabilities:Cartao:SmilesBbPlatinum          -25.00 BRL
  origem_id: "despesa"

2025-02-02 * "EXTRA HIPER-1804 NITEROI BR"
  Expenses:Mercado                              25.71 BRL
  Liabilities:Cartao:SmilesBbPlatinum          -25.71 BRL
  origem_id: "despesa"

2025-02-02 * "MARY COOKS NITEROI BR"
  Expenses:BaresERestaurantes                   28.86 BRL
  Liabilities:Cartao:SmilesBbPlatinum          -28.86 BRL
  origem_id: "despesa"

2025-02-02 * "SPOLETO COMPACT ITAIPU NITEROI BR"
  Expenses:BaresERestaurantes                   32.90 BRL
  Liabilities:Cartao:SmilesBbPlatinum          -32.90 BRL
  origem_id: "despesa"

2025-02-02 * "MARY COOKS NITEROI BR"
  Expenses:BaresERestaurantes                   42.32 BRL
  Liabilities:Cartao:SmilesBbPlatinum          -42.32 BRL
  origem_id: "despesa"

2025-02-02 * "TRESS MERCADO VAREJIST NITEROI BR"
  Expenses:Mercado                              43.64 BRL
  Liabilities:Cartao:SmilesBbPlatinum          -43.64 BRL
  origem_id: "despesa"

2025-02-02 * "MARY COOKS NITEROI BR"
  Expenses:BaresERestaurantes                   79.99 BRL
  Liabilities:Cartao:SmilesBbPlatinum          -79.99 BRL
  origem_id: "despesa"

2025-02-02 * "TRESS MERCADO VAREJIST NITEROI BR"
  Expenses:Mercado                             120.75 BRL
  Liabilities:Cartao:SmilesBbPlatinum         -120.75 BRL
  origem_id: "despesa"

2025-02-02 * "Maquina lavar 2/10"
  Expenses:Mobilia                             196.68 BRL
  Liabilities:Cartao:SmilesBbPlatinum         -196.68 BRL
  origem_id: "despesa"

2025-02-03 * "IOF - COMPRA NO EXTERIOR"
  Expenses:Portugal202502                        1.25 BRL
  Liabilities:Cartao:SmilesBbPlatinum           -1.25 BRL
  origem_id: "despesa"

2025-02-03 * "EXTRA HIPER-1804 NITEROI BR"
  Expenses:Mercado                              33.59 BRL
  Liabilities:Cartao:SmilesBbPlatinum          -33.59 BRL
  origem_id: "despesa"

2025-02-03 * "MP*KARENFARIAS OSASCO BR"
  Expenses:AnaCuidadosPessoais                  70.00 BRL
  Liabilities:Cartao:SmilesBbPlatinum          -70.00 BRL
  origem_id: "despesa"

2025-02-03 * "Mostaro Carol"
  Expenses:CarolCuidadosPessoais                82.00 BRL
  Liabilities:Cartao:CartaoDeCreditoInter      -82.00 BRL
  origem_id: "despesa"

2025-02-03 * "Mesada Isabela"
  Expenses:AjudaBrunaIsabela                   100.00 BRL
  Assets:BR:BancoInter                        -100.00 BRL
  origem_id: "despesa"

2025-02-03 * "Ajuda mensal Nininha"
  Expenses:FamiliaDadi                         100.00 BRL
  Assets:BR:BancoInter                        -100.00 BRL
  origem_id: "despesa"

2025-02-03 * "Cesta básica Cristiane do jacaré"
  Expenses:Ofertas                             100.00 BRL
  Assets:BR:BancoInter                        -100.00 BRL
  origem_id: "despesa"

2025-02-03 * "Leste Telecom"
  Expenses:InternetTvCelulares                 129.99 BRL
  Assets:BR:BancoInter                        -129.99 BRL
  origem_id: "despesa"

2025-02-03 * "uBER VOLTA AEROPORTO"
  Expenses:Portugal202502                      132.78 BRL
  Liabilities:Cartao:Saraiva                  -132.78 BRL
  origem_id: "despesa"

2025-02-03 * "Ajuda plano saúde Luluca"
  Expenses:FamiliaDadi                         160.00 BRL
  Assets:BR:BancoInter                        -160.00 BRL
  origem_id: "despesa"

2025-02-03 * "Dízimo congruas + oferta alimentação projeto"
  Expenses:Dizimos                             240.00 BRL
  Assets:BR:BancoInter                        -240.00 BRL
  origem_id: "despesa"

2025-02-03 * "DROGARIA VENANCIO NITEROI BR"
  Expenses:Portugal202502                      249.82 BRL
  Liabilities:Cartao:SmilesBbPlatinum         -249.82 BRL
  origem_id: "despesa"

2025-02-03 * "Unimed Isabela"
  Expenses:AjudaBrunaIsabela                   250.00 BRL
  Assets:BR:BancoInter                        -250.00 BRL
  origem_id: "despesa"

2025-02-03 * "SUPERMERCADO REAL NITE NITEROI BR"
  Expenses:Mercado                             640.17 BRL
  Liabilities:Cartao:SmilesBbPlatinum         -640.17 BRL
  origem_id: "despesa"

2025-02-03 * "Luz"
  Expenses:Luz                                1222.75 BRL
  Assets:BR:BbCorrente                       -1222.75 BRL
  origem_id: "despesa"

2025-02-03 * "Dízimo"
  Expenses:Dizimos                            2200.00 BRL
  Assets:BR:BancoInter                       -2200.00 BRL
  origem_id: "despesa"

2025-02-04 * "STAR 127 GALEAO MEZAN RIO DE JANEIR BR"
  Expenses:Portugal202502                        9.90 BRL
  Liabilities:Cartao:SmilesBbPlatinum           -9.90 BRL
  origem_id: "despesa"

2025-02-04 * "Espaco Havonnan Camboinhas Comercio Ltda"
  Expenses:Portugal202502                       18.00 BRL
  Assets:BR:BancoInter                         -18.00 BRL
  origem_id: "despesa"

2025-02-04 * "JUICE*VCP*PIER*A PORTO ALEGRE BR"
  Expenses:Portugal202502                       24.00 BRL
  Liabilities:Cartao:SmilesBbPlatinum          -24.00 BRL
  origem_id: "despesa"

2025-02-04 * "Pós grad de Ana"
  Expenses:PsicologiaAna                        69.00 BRL
  Assets:BR:BbCorrente                         -69.00 BRL
  origem_id: "despesa"

2025-02-04 * "JUICE*VCP*PIER*A PORTO ALEGRE BR"
  Expenses:Portugal202502                       75.00 BRL
  Liabilities:Cartao:SmilesBbPlatinum          -75.00 BRL
  origem_id: "despesa"

2025-02-04 * "Estacionamento Mulitcenter"
  Expenses:PsicologiaAna                        82.50 BRL
  Assets:BR:BancoInter                         -82.50 BRL
  origem_id: "despesa"

2025-02-04 * "USE GAS NITEROI BR"
  Expenses:AjudaBrunaIsabela                   115.00 BRL
  Liabilities:Cartao:SmilesBbPlatinum         -115.00 BRL
  origem_id: "despesa"

2025-02-04 * "MERCADOLIVRE*YELLO OSASCO BR - caderno Bela"
  Expenses:AjudaBrunaIsabela                   157.97 BRL
  Liabilities:Cartao:SmilesBbPlatinum         -157.97 BRL
  origem_id: "despesa"

2025-02-04 * "UVA CArol"
  Expenses:EscolaCarol                         170.90 BRL
  Liabilities:Cartao:SmilesBbPlatinum         -170.90 BRL
  origem_id: "despesa"

2025-02-04 * "Mensalidade UVA Economia"
  Expenses:UniversidadeEduardo                 297.20 BRL
  Liabilities:Cartao:SmilesBbPlatinum         -297.20 BRL
  origem_id: "despesa"

2025-02-04 * "Terapia Carol"
  Expenses:ProfissionaisSaude                  350.00 BRL
  Assets:BR:BancoInter                        -350.00 BRL
  origem_id: "despesa"

2025-02-04 * "Mensalidade UVA contabilidade"
  Expenses:UniversidadeEduardo                 396.97 BRL
  Liabilities:Cartao:SmilesBbPlatinum         -396.97 BRL
  origem_id: "despesa"

2025-02-04 * "Terapias"
  Expenses:ProfissionaisSaude                  510.00 BRL
  Assets:BR:BancoInter                        -510.00 BRL
  origem_id: "despesa"

2025-02-06 * "Chatpdf R"
  Expenses:EduardoCuidadosPessoais              24.99 BRL
  Liabilities:Cartao:SmilesBbPlatinum          -24.99 BRL
  origem_id: "despesa"

2025-02-06 * "Joseedmilsond NISIA FLORES 3/3"
  Expenses:Natal                               100.00 BRL
  Liabilities:Cartao:SmilesBbPlatinum         -100.00 BRL
  origem_id: "despesa"

2025-02-07 * "IOF - COMPRA NO EXTERIOR"
  Expenses:Portugal202502                        0.84 BRL
  Liabilities:Cartao:SmilesBbPlatinum           -0.84 BRL
  origem_id: "despesa"

2025-02-08 * "DROGARIA PRECO POPULAR NITEROI BR"
  Expenses:AjudaBrunaIsabela                    71.85 BRL
  Liabilities:Cartao:SmilesBbPlatinum          -71.85 BRL
  origem_id: "despesa"

2025-02-10 * "Sem parar"
  Expenses:Semparar                             94.09 BRL
  Assets:BR:BbCorrente                         -94.09 BRL
  origem_id: "despesa"

2025-02-10 * "Conta de água"
  Expenses:Agua                                318.74 BRL
  Assets:BR:BbCorrente                        -318.74 BRL
  origem_id: "despesa"

2025-02-10 * "IPTU 2025"
  Expenses:Iptu                                474.72 BRL
  Assets:BR:BancoInter                        -474.72 BRL
  origem_id: "despesa"

2025-02-10 * "ISJBCOLEGIO S PARC 01/07 NITEROI 2/7"
  Expenses:AjudaBrunaIsabela                   752.25 BRL
  Liabilities:Cartao:SmilesBbPlatinum         -752.25 BRL
  origem_id: "despesa"

2025-02-11 * "Bruna Carvalho Fontes"
  Expenses:AjudaBrunaIsabela                   200.00 BRL
  Assets:BR:BancoInter                        -200.00 BRL
  origem_id: "despesa"

2025-02-11 * "Natal 5/6"
  Expenses:Natal                               656.36 BRL
  Liabilities:Cartao:SmilesBbPlatinum         -656.36 BRL
  origem_id: "despesa"

2025-02-11 * "Psicologia Ana"
  Expenses:PsicologiaAna                       783.64 BRL
  Assets:BR:BbCorrente                        -783.64 BRL
  origem_id: "despesa"

2025-02-12 * "SHOPEE *CHSOLUCOES COLOMBO BR"
  Expenses:AjudaBrunaIsabela                    64.70 BRL
  Liabilities:Cartao:SmilesBbPlatinum          -64.70 BRL
  origem_id: "despesa"

2025-02-13 * "Star plus + mercado livre"
  Expenses:CinemaEAluguelDeVideosEMusica        27.99 BRL
  Liabilities:Cartao:SmilesBbPlatinum          -27.99 BRL
  origem_id: "despesa"

2025-02-14 * "DL *GOOGLE YouTubePrem SAO PAULO BR"
  Expenses:AssinaturasEServicos                 13.90 BRL
  Liabilities:Cartao:SmilesBbPlatinum          -13.90 BRL
  origem_id: "despesa"

2025-02-15 * "Genera 7/9"
  Expenses:EduardoCuidadosPessoais              33.89 BRL
  Liabilities:Cartao:CartaoDeCreditoInter      -33.89 BRL
  origem_id: "despesa"

2025-02-15 * "Wine 8/12"
  Expenses:Mercado                             119.42 BRL
  Liabilities:Cartao:CartaoDeCreditoInter     -119.42 BRL
  origem_id: "despesa"

2025-02-16 * "Aliuguel carro"
  Expenses:Portugal202502                      871.72 BRL
  Liabilities:Cartao:MastercardC6Bank         -871.72 BRL
  origem_id: "despesa"

2025-02-17 * "Carol academia"
  Expenses:CarolCuidadosPessoais                59.00 BRL
  Assets:BR:BancoInter                         -59.00 BRL
  origem_id: "despesa"

2025-02-18 * "Spotify"
  Expenses:CinemaEAluguelDeVideosEMusica        34.90 BRL
  Liabilities:Cartao:CartaoDeCreditoInter      -34.90 BRL
  origem_id: "despesa"

2025-02-18 * "ANUIDADE DIFERENCIADA TIT-PARC 05/12"
  Expenses:Viagem                               48.00 BRL
  Liabilities:Cartao:SmilesBbPlatinum          -48.00 BRL
  origem_id: "despesa"

2025-02-18 * "Pix - Enviado - 18/02 12:13 Wise Brasil Corretora De C"
  Expenses:Portugal202502                     1817.32 BRL
  Assets:BR:BbCorrente                       -1817.32 BRL
  origem_id: "despesa"

2025-02-19 * "LABORATORIO M PARC 01/06 NITEROI 4/6"
  Expenses:ProfissionaisSaude                   99.87 BRL
  Liabilities:Cartao:SmilesBbPlatinum          -99.87 BRL
  origem_id: "despesa"

2025-02-19 * "Viagem 2024-02 8/10"
  Expenses:Portugal202502                      782.52 BRL
  Liabilities:Cartao:CartaoDeCreditoInter     -782.52 BRL
  origem_id: "despesa"

2025-02-20 * "TIM*maisbbb248m RIO DE JANEIR BR"
  Expenses:InternetTvCelulares                  43.37 BRL
  Liabilities:Cartao:Saraiva                   -43.37 BRL
  origem_id: "despesa"

2025-02-20 * "DROGARIA PRECO POPULAR NITEROI"
  Expenses:Medicamentos                         99.53 BRL
  Liabilities:Cartao:SmilesBbPlatinum          -99.53 BRL
  origem_id: "despesa"

2025-02-20 * "Ar condicionado 2/2"
  Expenses:Mobilia                             369.00 BRL
  Liabilities:Cartao:SmilesBbPlatinum         -369.00 BRL
  origem_id: "despesa"

2025-02-20 * "Ar condicionado 1/2"
  Expenses:Mobilia                            2499.00 BRL
  Liabilities:Cartao:SmilesBbPlatinum        -2499.00 BRL
  origem_id: "despesa"

2025-02-21 * "PAYPAL *AIRALO 4029357733"
  Expenses:Portugal202502                       26.96 BRL
  Liabilities:Cartao:SmilesBbPlatinum          -26.96 BRL
  origem_id: "despesa"

2025-02-21 * "Pix - Enviado - 21/02 14:55 Wise Brasil Corretora De C"
  Expenses:Portugal202502                     1519.71 BRL
  Assets:BR:BbCorrente                       -1519.71 BRL
  origem_id: "despesa"

2025-02-22 * "Apoio Jones Manuel"
  Expenses:EduardoCuidadosPessoais               4.99 BRL
  Liabilities:Cartao:SmilesBbPlatinum           -4.99 BRL
  origem_id: "despesa"

2025-02-22 * "ZeeNow Sao Paulo"
  Expenses:AnaCuidadosPessoais                  33.98 BRL
  Liabilities:Cartao:SmilesBbPlatinum          -33.98 BRL
  origem_id: "despesa"

2025-02-23 * "Amazon Kindle Unltd SAO PAULO BR"
  Expenses:Livros                               19.90 BRL
  Liabilities:Cartao:SmilesBbPlatinum          -19.90 BRL
  origem_id: "despesa"

2025-02-24 * "IOF - COMPRA NO EXTERIOR"
  Expenses:Portugal202502                        0.91 BRL
  Liabilities:Cartao:SmilesBbPlatinum           -0.91 BRL
  origem_id: "despesa"

2025-02-24 * "PARC=112 Smil PARC 01/12 Barueri 6/12"
  Expenses:Viagem                               70.20 BRL
  Liabilities:Cartao:SmilesBbPlatinum          -70.20 BRL
  origem_id: "despesa"

2025-02-24 * "Pix - Enviado - 24/02 19:20 Tim S A"
  Expenses:InternetTvCelulares                  85.99 BRL
  Assets:BR:BbCorrente                         -85.99 BRL
  origem_id: "despesa"

2025-02-24 * "AMOEDO ITAIPU NITEROI 4/5"
  Expenses:Manutencoes                         106.09 BRL
  Liabilities:Cartao:SmilesBbPlatinum         -106.09 BRL
  origem_id: "despesa"

2025-02-24 * "Pix - Enviado - 23/02 13:42 Wise Brasil Corretora De C"
  Expenses:Portugal202502                      610.74 BRL
  Assets:BR:BbCorrente                        -610.74 BRL
  origem_id: "despesa"

2025-02-25 * "BOBS RIO DE JANEIR"
  Expenses:BaresERestaurantes                   31.80 BRL
  Liabilities:Cartao:SmilesBbPlatinum          -31.80 BRL
  origem_id: "despesa"

2025-02-25 * "POSTO TREVO DE PIRATIN NITEROI"
  Expenses:Gasolina                            120.00 BRL
  Liabilities:Cartao:SmilesBbPlatinum         -120.00 BRL
  origem_id: "despesa"

2025-02-25 * "Uber volta viagem"
  Expenses:Portugal202502                      141.98 BRL
  Liabilities:Cartao:Saraiva                  -141.98 BRL
  origem_id: "despesa"

2025-02-26 * "UBER* TRIP OSASCO"
  Expenses:AnaCuidadosPessoais                  19.94 BRL
  Liabilities:Cartao:SmilesBbPlatinum          -19.94 BRL
  origem_id: "despesa"

2025-02-26 * "ICL com apoio a bolsista 10/12"
  Expenses:Cursos                               62.00 BRL
  Liabilities:Cartao:CartaoDeCreditoInter      -62.00 BRL
  origem_id: "despesa"

2025-02-26 * "Angelica"
  Expenses:Manutencoes                         200.00 BRL
  Assets:BR:BancoInter                        -200.00 BRL
  origem_id: "despesa"

2025-02-26 * "SUPERMERCADO REAL NITE NITEROI"
  Expenses:Mercado                             396.17 BRL
  Liabilities:Cartao:SmilesBbPlatinum         -396.17 BRL
  origem_id: "despesa"

2025-02-26 * "Instalação ar tqiarto"
  Expenses:Mobilia                             829.00 BRL
  Assets:BR:BbCorrente                        -829.00 BRL
  origem_id: "despesa"

2025-02-27 * "Café expresso 1/2"
  Expenses:Mercado                              33.98 BRL
  Liabilities:Cartao:SmilesBbPlatinum          -33.98 BRL
  origem_id: "despesa"

2025-02-27 * "Garganta"
  Expenses:Medicamentos                         43.68 BRL
  Assets:BR:BbCorrente                         -43.68 BRL
  origem_id: "despesa"

2025-02-27 * "Café expresso 2/2"
  Expenses:Mercado                              79.68 BRL
  Liabilities:Cartao:SmilesBbPlatinum          -79.68 BRL
  origem_id: "despesa"

2025-02-27 * "MERCADOLIVRE*5PRODUTOS OSASCO"
  Expenses:Mercado                             186.06 BRL
  Liabilities:Cartao:SmilesBbPlatinum         -186.06 BRL
  origem_id: "despesa"

2025-02-28 * "HBO Max"
  Expenses:CinemaEAluguelDeVideosEMusica        19.95 BRL
  Liabilities:Cartao:SmilesBbPlatinum          -19.95 BRL
  origem_id: "despesa"

2025-02-28 * "Netflix"
  Expenses:CinemaEAluguelDeVideosEMusica        44.90 BRL
  Liabilities:Cartao:Saraiva                   -44.90 BRL
  origem_id: "despesa"

2025-02-28 * "ESPACOLASERRJ 6/11"
  Expenses:CarolCuidadosPessoais                89.08 BRL
  Liabilities:Cartao:SmilesBbPlatinum          -89.08 BRL
  origem_id: "despesa"

2025-02-28 * "Curso tatuagem Juju 2/12"
  Expenses:AjudaFamilia                        170.38 BRL
  Liabilities:Cartao:SmilesBbPlatinum         -170.38 BRL
  origem_id: "despesa"

2025-02-28 * "Mesada Carol"
  Expenses:CarolCuidadosPessoais               210.00 BRL
  Assets:BR:BancoInter                        -210.00 BRL
  origem_id: "despesa"

2025-02-28 * "TRESS MERCADO VAREJIST NITEROI"
  Expenses:Mercado                             261.09 BRL
  Liabilities:Cartao:SmilesBbPlatinum         -261.09 BRL
  origem_id: "despesa"

2025-02-28 * "Parcela final locação carro viagem"
  Expenses:Portugal202502                      327.96 BRL
  Liabilities:Cartao:MastercardC6Bank         -327.96 BRL
  origem_id: "despesa"

2025-03-01 * "APOIASE*APOIAse Vario São Paulo"
  Expenses:EduardoCuidadosPessoais              55.00 BRL
  Liabilities:Cartao:Saraiva                   -55.00 BRL
  origem_id: "despesa"

2025-03-01 * "Passagem Carol"
  Expenses:CarolCuidadosPessoais                80.00 BRL
  Assets:BR:BancoInter                         -80.00 BRL
  origem_id: "despesa"

2025-03-01 * "MERCADOLIVRE*NNJJJIJI OSASCO"
  Expenses:BikeEEtc                             88.62 BRL
  Liabilities:Cartao:SmilesBbPlatinum          -88.62 BRL
  origem_id: "despesa"

2025-03-01 * "Mesada Isabela"
  Expenses:AjudaBrunaIsabela                   100.00 BRL
  Assets:BR:BancoInter                        -100.00 BRL
  origem_id: "despesa"

2025-03-01 * "Ajuda mensal Nininha"
  Expenses:FamiliaDadi                         100.00 BRL
  Assets:BR:BancoInter                        -100.00 BRL
  origem_id: "despesa"

2025-03-01 * "Cesta básica Cristiane do jacaré"
  Expenses:Ofertas                             100.00 BRL
  Assets:BR:BancoInter                        -100.00 BRL
  origem_id: "despesa"

2025-03-01 * "CIA.AEREA - TAXA DE EMBARQUE"
  Expenses:AnaCuidadosPessoais                 128.23 BRL
  Liabilities:Cartao:SmilesBbPlatinum         -128.23 BRL
  origem_id: "despesa"

2025-03-01 * "DROG ESPACO SAUDE NITEROI"
  Expenses:Medicamentos                        132.76 BRL
  Liabilities:Cartao:SmilesBbPlatinum         -132.76 BRL
  origem_id: "despesa"

2025-03-01 * "VIAJANET BARUERI"
  Expenses:AnaCuidadosPessoais                 146.17 BRL
  Liabilities:Cartao:SmilesBbPlatinum         -146.17 BRL
  origem_id: "despesa"

2025-03-01 * "Ajuda plano saúde Luluca"
  Expenses:FamiliaDadi                         160.00 BRL
  Assets:BR:BancoInter                        -160.00 BRL
  origem_id: "despesa"

2025-03-01 * "Dízimo congruas + oferta alimentação projeto"
  Expenses:Dizimos                             240.00 BRL
  Assets:BR:BancoInter                        -240.00 BRL
  origem_id: "despesa"

2025-03-01 * "Unimed Isabela"
  Expenses:AjudaBrunaIsabela                   250.00 BRL
  Assets:BR:BancoInter                        -250.00 BRL
  origem_id: "despesa"

2025-03-01 * "Juju passagem 1/10"
  Expenses:AjudaFamilia                        337.56 BRL
  Liabilities:Cartao:SmilesBbPlatinum         -337.56 BRL
  origem_id: "despesa"

2025-03-01 * "Ajude custo Angélica"
  Expenses:Manutencoes                         400.00 BRL
  Assets:BR:BancoInter                        -400.00 BRL
  origem_id: "despesa"

2025-03-01 * "Tratamento DTM Carol 6/10"
  Expenses:ProfissionaisSaude                  480.00 BRL
  Liabilities:Cartao:SmilesBbPlatinum         -480.00 BRL
  origem_id: "despesa"

2025-03-02 * "Baba forminhas 2/12"
  Expenses:FamiliaDadi                          19.73 BRL
  Liabilities:Cartao:SmilesBbPlatinum          -19.73 BRL
  origem_id: "despesa"

2025-03-02 * "PLANET CINEMA NITEROI"
  Expenses:CinemaEAluguelDeVideosEMusica        25.00 BRL
  Liabilities:Cartao:SmilesBbPlatinum          -25.00 BRL
  origem_id: "despesa"

2025-03-02 * "Wellhub Gympass BR GympSao Paulo"
  Expenses:AnaCuidadosPessoais                  59.90 BRL
  Liabilities:Cartao:SmilesBbPlatinum          -59.90 BRL
  origem_id: "despesa"

2025-03-02 * "Wellhub Gympass BR GympSao Paulo (Carol)"
  Expenses:CarolCuidadosPessoais                59.90 BRL
  Liabilities:Cartao:SmilesBbPlatinum          -59.90 BRL
  origem_id: "despesa"

2025-03-02 * "ifood *ifood Vila Yara Osa"
  Expenses:BaresERestaurantes                  130.60 BRL
  Liabilities:Cartao:SmilesBbPlatinum         -130.60 BRL
  origem_id: "despesa"

2025-03-02 * "Maquina lavar 3/10"
  Expenses:Mobilia                             196.68 BRL
  Liabilities:Cartao:SmilesBbPlatinum         -196.68 BRL
  origem_id: "despesa"

2025-03-02 * "SUPERMERCADO PADRAO D NITEROI"
  Expenses:Mercado                             242.46 BRL
  Liabilities:Cartao:SmilesBbPlatinum         -242.46 BRL
  origem_id: "despesa"

2025-03-03 * "MERCADOLIVRE*3PRODUTOS CARAGUATATUBA"
  Expenses:Mercado                              82.27 BRL
  Liabilities:Cartao:SmilesBbPlatinum          -82.27 BRL
  origem_id: "despesa"

2025-03-03 * "Terapias"
  Expenses:ProfissionaisSaude                  180.00 BRL
  Assets:BR:BancoInter                        -180.00 BRL
  origem_id: "despesa"

2025-03-03 * "Sandro - jardim"
  Expenses:Manutencoes                         200.00 BRL
  Assets:BR:BancoInter                        -200.00 BRL
  origem_id: "despesa"

2025-03-03 * "Dízimo"
  Expenses:Dizimos                            2000.00 BRL
  Assets:BR:BancoInter                       -2000.00 BRL
  origem_id: "despesa"

2025-03-04 * "DROGAS PACHECO 238 NITEROI"
  Expenses:Medicamentos                         13.99 BRL
  Liabilities:Cartao:SmilesBbPlatinum          -13.99 BRL
  origem_id: "despesa"

2025-03-04 * "EXTRA HIPER-1804 NITEROI"
  Expenses:Mercado                              26.35 BRL
  Liabilities:Cartao:SmilesBbPlatinum          -26.35 BRL
  origem_id: "despesa"

2025-03-04 * "AMAZON BR SAO PAULO"
  Expenses:Mobilia                              26.40 BRL
  Liabilities:Cartao:SmilesBbPlatinum          -26.40 BRL
  origem_id: "despesa"

2025-03-04 * "ZELITO FRUTOS DO MAR L NITEROI"
  Expenses:BaresERestaurantes                   50.00 BRL
  Liabilities:Cartao:SmilesBbPlatinum          -50.00 BRL
  origem_id: "despesa"

2025-03-05 * "Telefone Ana"
  Expenses:InternetTvCelulares                  82.99 BRL
  Assets:BR:BbCorrente                         -82.99 BRL
  origem_id: "despesa"

2025-03-05 * "Leste Telecom"
  Expenses:InternetTvCelulares                 129.99 BRL
  Assets:BR:BancoInter                        -129.99 BRL
  origem_id: "despesa"

2025-03-05 * "IMBATIVEL SUPERMERCAD NITEROI"
  Expenses:Mercado                             150.38 BRL
  Liabilities:Cartao:SmilesBbPlatinum         -150.38 BRL
  origem_id: "despesa"

2025-03-05 * "UVA CArol"
  Expenses:EscolaCarol                         170.90 BRL
  Liabilities:Cartao:CartaoDeCreditoInter     -170.90 BRL
  origem_id: "despesa"

2025-03-05 * "Mensalidade UVA Economia"
  Expenses:UniversidadeEduardo                 297.20 BRL
  Liabilities:Cartao:SmilesBbPlatinum         -297.20 BRL
  origem_id: "despesa"

2025-03-05 * "Mensalidade UVA contabilidade"
  Expenses:UniversidadeEduardo                 396.97 BRL
  Liabilities:Cartao:SmilesBbPlatinum         -396.97 BRL
  origem_id: "despesa"

2025-03-05 * "Psicologia Ana"
  Expenses:PsicologiaAna                       588.72 BRL
  Assets:BR:BbCorrente                        -588.72 BRL
  origem_id: "despesa"

2025-03-06 * "Chatpdf R"
  Expenses:EduardoCuidadosPessoais              24.99 BRL
  Liabilities:Cartao:SmilesBbPlatinum          -24.99 BRL
  origem_id: "despesa"

2025-03-06 * "IMBATIVEL SUPERMERCAD NITEROI"
  Expenses:Mercado                              66.54 BRL
  Liabilities:Cartao:SmilesBbPlatinum          -66.54 BRL
  origem_id: "despesa"

2025-03-06 * "Passagens semana Carol"
  Expenses:CarolCuidadosPessoais                80.00 BRL
  Assets:BR:BancoInter                         -80.00 BRL
  origem_id: "despesa"

2025-03-06 * "POSTO MARALEGRE NITEROI"
  Expenses:Gasolina                            100.00 BRL
  Liabilities:Cartao:SmilesBbPlatinum         -100.00 BRL
  origem_id: "despesa"

2025-03-06 * "RAIA2694 NITERI"
  Expenses:Medicamentos                        122.29 BRL
  Liabilities:Cartao:SmilesBbPlatinum         -122.29 BRL
  origem_id: "despesa"

2025-03-06 * "SUPERMERCADO PADRAO D NITEROI"
  Expenses:Mercado                             135.95 BRL
  Liabilities:Cartao:SmilesBbPlatinum         -135.95 BRL
  origem_id: "despesa"

2025-03-07 * "IOF - COMPRA NO EXTERIOR"
  Expenses:EduardoCuidadosPessoais               0.84 BRL
  Liabilities:Cartao:SmilesBbPlatinum           -0.84 BRL
  origem_id: "despesa"

2025-03-07 * "Raia Drogasil S A"
  Expenses:Medicamentos                         59.59 BRL
  Assets:BR:BancoInter                         -59.59 BRL
  origem_id: "despesa"

2025-03-07 * "Estacionamento Mulitcenter"
  Expenses:PsicologiaAna                        84.20 BRL
  Assets:BR:BancoInter                         -84.20 BRL
  origem_id: "despesa"

2025-03-07 * "MP*KARENFARIAS OSASCO"
  Expenses:AnaCuidadosPessoais                 280.00 BRL
  Liabilities:Cartao:SmilesBbPlatinum         -280.00 BRL
  origem_id: "despesa"

2025-03-08 * "AMAZON BR SAO PAULO"
  Expenses:Mercado                              11.19 BRL
  Liabilities:Cartao:SmilesBbPlatinum          -11.19 BRL
  origem_id: "despesa"

2025-03-08 * "IFD*FALHEIRO MONTEIRO NITEROI"
  Expenses:BaresERestaurantes                   61.90 BRL
  Liabilities:Cartao:SmilesBbPlatinum          -61.90 BRL
  origem_id: "despesa"

2025-03-08 * "AMAZON BR SAO PAULO"
  Expenses:Mercado                             103.35 BRL
  Liabilities:Cartao:SmilesBbPlatinum         -103.35 BRL
  origem_id: "despesa"

2025-03-08 * "USE GAS NITEROI"
  Expenses:Mercado                             115.00 BRL
  Liabilities:Cartao:SmilesBbPlatinum         -115.00 BRL
  origem_id: "despesa"

2025-03-08 * "TRESS MERCADO VAREJIST NITEROI"
  Expenses:Mercado                             283.31 BRL
  Liabilities:Cartao:SmilesBbPlatinum         -283.31 BRL
  origem_id: "despesa"

2025-03-08 * "SUPERMERCADO REAL NITE NITEROI"
  Expenses:Dizimos                             711.72 BRL
  Liabilities:Cartao:SmilesBbPlatinum         -711.72 BRL
  origem_id: "despesa"

2025-03-09 * "SUPERMERCADO REAL NITE NITEROI"
  Expenses:Mercado                             161.66 BRL
  Liabilities:Cartao:SmilesBbPlatinum         -161.66 BRL
  origem_id: "despesa"

2025-03-09 * "OUTBACK NITEROI II NITEROI"
  Expenses:BaresERestaurantes                  466.26 BRL
  Liabilities:Cartao:SmilesBbPlatinum         -466.26 BRL
  origem_id: "despesa"

2025-03-10 * "08870 - Dolar conta Inter global"
  Expenses:Diversos                              0.54 BRL
  Assets:BR:BancoInter                          -0.54 BRL
  origem_id: "despesa"

2025-03-10 * "DL*GOOGLE Apple SAO PAULO (Apple tv"
  Expenses:CinemaEAluguelDeVideosEMusica        21.90 BRL
  Liabilities:Cartao:SmilesBbPlatinum          -21.90 BRL
  origem_id: "despesa"

2025-03-10 * "TRESS MERCADO VAREJIST NITEROI"
  Expenses:Mercado                              24.86 BRL
  Liabilities:Cartao:SmilesBbPlatinum          -24.86 BRL
  origem_id: "despesa"

2025-03-10 * "UBER* TRIP WWW.UBER.COM."
  Expenses:AnaCuidadosPessoais                  27.93 BRL
  Liabilities:Cartao:SmilesBbPlatinum          -27.93 BRL
  origem_id: "despesa"

2025-03-10 * "UBER* TRIP WWW.UBER.COM."
  Expenses:AnaCuidadosPessoais                  28.23 BRL
  Liabilities:Cartao:SmilesBbPlatinum          -28.23 BRL
  origem_id: "despesa"

2025-03-10 * "FARMACIA CAMBOINHAS LT NITEROI"
  Expenses:Medicamentos                         29.99 BRL
  Liabilities:Cartao:SmilesBbPlatinum          -29.99 BRL
  origem_id: "despesa"

2025-03-10 * "MERCADOLIVRE*MILEVADISTOSASCO"
  Expenses:CasaCuidadosPessoais                 42.69 BRL
  Liabilities:Cartao:SmilesBbPlatinum          -42.69 BRL
  origem_id: "despesa"

2025-03-10 * "MERCADOLIVRE*MILEVADISTOSASCO"
  Expenses:CasaCuidadosPessoais                 46.90 BRL
  Liabilities:Cartao:SmilesBbPlatinum          -46.90 BRL
  origem_id: "despesa"

2025-03-10 * "08868 - Dolar conta Inter global"
  Expenses:Diversos                             49.46 BRL
  Assets:BR:BancoInter                         -49.46 BRL
  origem_id: "despesa"

2025-03-10 * "Sem parar"
  Expenses:Semparar                             86.29 BRL
  Assets:BR:BbCorrente                         -86.29 BRL
  origem_id: "despesa"

2025-03-10 * "ifood *ifood Vila Yara Osa"
  Expenses:BaresERestaurantes                  155.70 BRL
  Liabilities:Cartao:SmilesBbPlatinum         -155.70 BRL
  origem_id: "despesa"

2025-03-10 * "IPTU 2025"
  Expenses:Iptu                                474.72 BRL
  Assets:BR:BancoInter                        -474.72 BRL
  origem_id: "despesa"

2025-03-10 * "ISJBCOLEGIO S PARC 01/07 NITEROI 3/7"
  Expenses:AjudaBrunaIsabela                   752.25 BRL
  Liabilities:Cartao:SmilesBbPlatinum         -752.25 BRL
  origem_id: "despesa"

2025-03-11 * "TRESS MERCADO VAREJIST NITEROI"
  Expenses:Mercado                              26.59 BRL
  Liabilities:Cartao:SmilesBbPlatinum          -26.59 BRL
  origem_id: "despesa"

2025-03-11 * "MERCADOLIVRE*ABCOMPRAS OSASCO"
  Expenses:Mobilia                              27.96 BRL
  Liabilities:Cartao:SmilesBbPlatinum          -27.96 BRL
  origem_id: "despesa"

2025-03-11 * "Pós grad de Ana"
  Expenses:PsicologiaAna                        69.00 BRL
  Assets:BR:BancoInter                         -69.00 BRL
  origem_id: "despesa"

2025-03-11 * "36603813 Gabriel Landi Fazzio - livros"
  Expenses:Livros                              143.20 BRL
  Assets:BR:BancoInter                        -143.20 BRL
  origem_id: "despesa"

2025-03-11 * "Natal 6/6"
  Expenses:Natal                               656.36 BRL
  Liabilities:Cartao:SmilesBbPlatinum         -656.36 BRL
  origem_id: "despesa"

2025-03-12 * "BELLINE NITEROI"
  Expenses:BaresERestaurantes                   24.90 BRL
  Liabilities:Cartao:SmilesBbPlatinum          -24.90 BRL
  origem_id: "despesa"

2025-03-12 * "POSTO MARALEGRE NITEROI"
  Expenses:Gasolina                            100.00 BRL
  Liabilities:Cartao:SmilesBbPlatinum         -100.00 BRL
  origem_id: "despesa"

2025-03-13 * "TRESS MERCADO VAREJIST NITEROI"
  Expenses:Mercado                              22.46 BRL
  Liabilities:Cartao:SmilesBbPlatinum          -22.46 BRL
  origem_id: "despesa"

2025-03-14 * "14/03 TRESS MERCADO VAREJIST NITEROI BR R"
  Expenses:Mercado                              26.97 BRL
  Liabilities:Cartao:SmilesBbPlatinum          -26.97 BRL
  origem_id: "despesa"

2025-03-14 * "14/03 TRESS MERCADO VAREJIST NITEROI BR R"
  Expenses:Mercado                              28.98 BRL
  Liabilities:Cartao:SmilesBbPlatinum          -28.98 BRL
  origem_id: "despesa"

2025-03-14 * "14/03 FARMACIA CAMBOINHAS LT NITEROI BR R"
  Expenses:Medicamentos                         35.84 BRL
  Liabilities:Cartao:SmilesBbPlatinum          -35.84 BRL
  origem_id: "despesa"

2025-03-14 * "14/03 MERCADOLIVRE*CCFFCC OSASCO BR R"
  Expenses:Diversos                             73.98 BRL
  Liabilities:Cartao:SmilesBbPlatinum          -73.98 BRL
  origem_id: "despesa"

2025-03-14 * "14/03 SUPERMERCADO REAL NITE NITEROI BR R"
  Expenses:Mercado                             343.43 BRL
  Liabilities:Cartao:SmilesBbPlatinum         -343.43 BRL
  origem_id: "despesa"

2025-03-15 * "15/03 HNA*OBOTICARIO NITEROI BR R"
  Expenses:Presentes                            21.76 BRL
  Liabilities:Cartao:SmilesBbPlatinum          -21.76 BRL
  origem_id: "despesa"

2025-03-15 * "15/03 MP*MELIMAIS OSASCO BR R"
  Expenses:AssinaturasEServicos                 24.90 BRL
  Liabilities:Cartao:SmilesBbPlatinum          -24.90 BRL
  origem_id: "despesa"

2025-03-15 * "15/03 SUPERMERCADO PADRAO D NITEROI BR R"
  Expenses:Mercado                              26.90 BRL
  Liabilities:Cartao:SmilesBbPlatinum          -26.90 BRL
  origem_id: "despesa"

2025-03-15 * "Genera 8/9"
  Expenses:EduardoCuidadosPessoais              33.89 BRL
  Liabilities:Cartao:CartaoDeCreditoInter      -33.89 BRL
  origem_id: "despesa"

2025-03-15 * "15/04 PARC=112 Smil PARC 12/12 Barueri BR R"
  Expenses:Viagem                               37.80 BRL
  Liabilities:Cartao:SmilesBbPlatinum          -37.80 BRL
  origem_id: "despesa"

2025-03-15 * "15/03 Wellhub Gympass BR GympSao Paulo BR R (bubu)"
  Expenses:AjudaBrunaIsabela                    59.90 BRL
  Liabilities:Cartao:SmilesBbPlatinum          -59.90 BRL
  origem_id: "despesa"

2025-03-15 * "Amazon"
  Expenses:Mercado                              72.48 BRL
  Liabilities:Cartao:SmilesBbPlatinum          -72.48 BRL
  origem_id: "despesa"

2025-03-15 * "15/03 EXTRA HIPER-1804 NITEROI BR R"
  Expenses:Mercado                              99.62 BRL
  Liabilities:Cartao:SmilesBbPlatinum          -99.62 BRL
  origem_id: "despesa"

2025-03-15 * "Wine 9/12"
  Expenses:Mercado                             119.42 BRL
  Liabilities:Cartao:CartaoDeCreditoInter     -119.42 BRL
  origem_id: "despesa"

2025-03-15 * "15/03 SUPERMERCADO REAL NITE NITEROI BR R"
  Expenses:Mercado                             218.57 BRL
  Liabilities:Cartao:SmilesBbPlatinum         -218.57 BRL
  origem_id: "despesa"

2025-03-15 * "Escola Bela parte"
  Expenses:AjudaBrunaIsabela                   250.00 BRL
  Assets:BR:BancoInter                        -250.00 BRL
  origem_id: "despesa"

2025-03-15 * "Carol diversos"
  Expenses:CarolCuidadosPessoais               611.32 BRL
  Liabilities:Cartao:CartaoDeCreditoInter     -611.32 BRL
  origem_id: "despesa"

2025-03-16 * "16/03 MCDONALDS NITEROI BR R"
  Expenses:BaresERestaurantes                    6.90 BRL
  Liabilities:Cartao:SmilesBbPlatinum           -6.90 BRL
  origem_id: "despesa"

2025-03-16 * "16/03 BELLINE NITEROI BR R"
  Expenses:BaresERestaurantes                    9.50 BRL
  Liabilities:Cartao:SmilesBbPlatinum           -9.50 BRL
  origem_id: "despesa"

2025-03-16 * "16/03 REDE ECONOMIA NITEROI BR R"
  Expenses:Mercado                              13.67 BRL
  Liabilities:Cartao:SmilesBbPlatinum          -13.67 BRL
  origem_id: "despesa"

2025-03-16 * "16/03 MARY COOKS NITEROI BR R"
  Expenses:BaresERestaurantes                   19.02 BRL
  Liabilities:Cartao:SmilesBbPlatinum          -19.02 BRL
  origem_id: "despesa"

2025-03-16 * "16/03 MARY COOKS NITEROI BR R"
  Expenses:BaresERestaurantes                   20.00 BRL
  Liabilities:Cartao:SmilesBbPlatinum          -20.00 BRL
  origem_id: "despesa"

2025-03-16 * "16/03 ASSB COMERCIO VAREJIST NITEROI BR R"
  Expenses:Mercado                              21.99 BRL
  Liabilities:Cartao:SmilesBbPlatinum          -21.99 BRL
  origem_id: "despesa"

2025-03-16 * "16/03 MARY COOKS NITEROI BR R"
  Expenses:BaresERestaurantes                   24.71 BRL
  Liabilities:Cartao:SmilesBbPlatinum          -24.71 BRL
  origem_id: "despesa"

2025-03-16 * "14/03 DL*GOOGLE YouTub SAO PAULO BR R"
  Expenses:AssinaturasEServicos                 24.90 BRL
  Liabilities:Cartao:SmilesBbPlatinum          -24.90 BRL
  origem_id: "despesa"

2025-03-16 * "16/03 KOPENHAGEM ITAIPU NITEROI BR R"
  Expenses:BaresERestaurantes                   27.40 BRL
  Liabilities:Cartao:SmilesBbPlatinum          -27.40 BRL
  origem_id: "despesa"

2025-03-16 * "16/03 EXTRA HIPER-1804 NITEROI BR R"
  Expenses:Mercado                              34.74 BRL
  Liabilities:Cartao:SmilesBbPlatinum          -34.74 BRL
  origem_id: "despesa"

2025-03-16 * "16/03 MARY COOKS NITEROI BR R"
  Expenses:BaresERestaurantes                   35.20 BRL
  Liabilities:Cartao:SmilesBbPlatinum          -35.20 BRL
  origem_id: "despesa"

2025-03-16 * "16/03 TRESS MERCADO VAREJIST NITEROI BR R"
  Expenses:Mercado                              49.59 BRL
  Liabilities:Cartao:SmilesBbPlatinum          -49.59 BRL
  origem_id: "despesa"

2025-03-16 * "Carol Uber"
  Expenses:CarolCuidadosPessoais               329.01 BRL
  Liabilities:Cartao:CartaoDeCreditoInter     -329.01 BRL
  origem_id: "despesa"

2025-03-17 * "Carol academia"
  Expenses:CarolCuidadosPessoais                59.00 BRL
  Assets:BR:BancoInter                         -59.00 BRL
  origem_id: "despesa"

2025-03-17 * "Pagto conta telefone - TIM S/A - 3357"
  Expenses:InternetTvCelulares                  88.88 BRL
  Assets:BR:BancoInter                         -88.88 BRL
  origem_id: "despesa"

2025-03-17 * "17/03 DOMUSBRASILI BELO HORIZON BR R 1/2"
  Expenses:AjudaBrunaIsabela                   136.01 BRL
  Liabilities:Cartao:SmilesBbPlatinum         -136.01 BRL
  origem_id: "despesa"

2025-03-17 * "Luz"
  Expenses:Luz                                 589.00 BRL
  Assets:BR:BbCorrente                        -589.00 BRL
  origem_id: "despesa"

2025-03-17 * "Conta de água"
  Expenses:Agua                               1379.18 BRL
  Assets:BR:BbCorrente                       -1379.18 BRL
  origem_id: "despesa"

2025-03-18 * "Spotify"
  Expenses:CinemaEAluguelDeVideosEMusica        34.90 BRL
  Liabilities:Cartao:CartaoDeCreditoInter      -34.90 BRL
  origem_id: "despesa"

2025-03-18 * "18/03 POSTO TREVO DE PIRATIN NITEROI BR R"
  Expenses:Gasolina                            100.00 BRL
  Liabilities:Cartao:SmilesBbPlatinum         -100.00 BRL
  origem_id: "despesa"

2025-03-18 * "18/03 MERCADOLIVRE*3PRODUTOS OSASCO BR R"
  Expenses:FamiliaDadi                         143.81 BRL
  Liabilities:Cartao:SmilesBbPlatinum         -143.81 BRL
  origem_id: "despesa"

2025-03-18 * "18/03 DROGARIA PRECO POPULAR NITEROI BR R"
  Expenses:Medicamentos                        278.60 BRL
  Liabilities:Cartao:SmilesBbPlatinum         -278.60 BRL
  origem_id: "despesa"

2025-03-19 * "19/03 DROG ESPACO SAUDE NITEROI BR R"
  Expenses:Medicamentos                         43.48 BRL
  Liabilities:Cartao:SmilesBbPlatinum          -43.48 BRL
  origem_id: "despesa"

2025-03-19 * "ANUIDADE DIFERENCIADA TIT-PARC 05/12"
  Expenses:Viagem                               48.00 BRL
  Liabilities:Cartao:SmilesBbPlatinum          -48.00 BRL
  origem_id: "despesa"

2025-03-19 * "LABORATORIO M PARC 01/06 NITEROI 5/6"
  Expenses:ProfissionaisSaude                   99.87 BRL
  Liabilities:Cartao:SmilesBbPlatinum          -99.87 BRL
  origem_id: "despesa"

2025-03-19 * "19/03 SUPERMERCADO REAL NITE NITEROI BR R"
  Expenses:Mercado                             663.51 BRL
  Liabilities:Cartao:SmilesBbPlatinum         -663.51 BRL
  origem_id: "despesa"

2025-03-19 * "Viagem 2024-02 9/10"
  Expenses:Portugal202502                      782.52 BRL
  Liabilities:Cartao:CartaoDeCreditoInter     -782.52 BRL
  origem_id: "despesa"

2025-03-20 * "Rota da Seda"
  Expenses:Livros                               27.45 BRL
  Liabilities:Cartao:SmilesBbPlatinum          -27.45 BRL
  origem_id: "despesa"

2025-03-20 * "TIM*maisbbb248m RIO DE JANEIR BR"
  Expenses:InternetTvCelulares                  43.37 BRL
  Liabilities:Cartao:Saraiva                   -43.37 BRL
  origem_id: "despesa"

2025-03-20 * "20/03 VARANDA RESTAURANTE NITEROI BR R"
  Expenses:BaresERestaurantes                   53.31 BRL
  Liabilities:Cartao:SmilesBbPlatinum          -53.31 BRL
  origem_id: "despesa"

2025-03-21 * "Angelica M Da Silva"
  Expenses:Manutencoes                          20.00 BRL
  Assets:BR:BancoInter                         -20.00 BRL
  origem_id: "despesa"

2025-03-21 * "ZE DELIVERY AV 7 NITEROI"
  Expenses:BaresERestaurantes                   72.29 BRL
  Liabilities:Cartao:SmilesBbPlatinum          -72.29 BRL
  origem_id: "despesa"

2025-03-21 * "Mesada Carol"
  Expenses:CarolCuidadosPessoais               210.00 BRL
  Assets:BR:BancoInter                        -210.00 BRL
  origem_id: "despesa"

2025-03-21 * "ifood *ifood Vila Yara Osa"
  Expenses:BaresERestaurantes                  218.50 BRL
  Liabilities:Cartao:SmilesBbPlatinum         -218.50 BRL
  origem_id: "despesa"

2025-03-22 * "Apoio Jones Manuel"
  Expenses:EduardoCuidadosPessoais               4.99 BRL
  Liabilities:Cartao:SmilesBbPlatinum           -4.99 BRL
  origem_id: "despesa"

2025-03-23 * "Amazon Kindle Unltd SAO PAULO BR"
  Expenses:Livros                               19.90 BRL
  Liabilities:Cartao:SmilesBbPlatinum          -19.90 BRL
  origem_id: "despesa"

2025-03-23 * "Riopar Participacoes Sa"
  Expenses:Manutencoes                          20.00 BRL
  Assets:BR:BancoInter                         -20.00 BRL
  origem_id: "despesa"

2025-03-23 * "DROGARIAS PACHECO NITEROI"
  Expenses:Medicamentos                         46.99 BRL
  Liabilities:Cartao:SmilesBbPlatinum          -46.99 BRL
  origem_id: "despesa"

2025-03-23 * "SUPERMERCADO REAL NITE NITEROI"
  Expenses:Mercado                             205.55 BRL
  Liabilities:Cartao:SmilesBbPlatinum         -205.55 BRL
  origem_id: "despesa"

2025-03-24 * "PARC=112 Smil PARC 01/12 Barueri 7/12"
  Expenses:Viagem                               70.20 BRL
  Liabilities:Cartao:SmilesBbPlatinum          -70.20 BRL
  origem_id: "despesa"

2025-03-24 * "Mercado"
  Expenses:Mercado                             104.56 BRL
  Liabilities:Cartao:CartaoDeCreditoInter     -104.56 BRL
  origem_id: "despesa"

2025-03-24 * "AMOEDO ITAIPU NITEROI 5/5"
  Expenses:Manutencoes                         106.09 BRL
  Liabilities:Cartao:SmilesBbPlatinum         -106.09 BRL
  origem_id: "despesa"

2025-03-24 * "SUPERMERCADO REAL NITE NITEROI"
  Expenses:Mercado                             346.28 BRL
  Liabilities:Cartao:SmilesBbPlatinum         -346.28 BRL
  origem_id: "despesa"

2025-03-24 * "Diversos Carol"
  Expenses:CarolCuidadosPessoais               387.23 BRL
  Liabilities:Cartao:CartaoDeCreditoInter     -387.23 BRL
  origem_id: "despesa"

2025-03-25 * "POSTO MARALEGRE NITEROI"
  Expenses:Gasolina                            100.00 BRL
  Liabilities:Cartao:SmilesBbPlatinum         -100.00 BRL
  origem_id: "despesa"

2025-03-26 * "MANY MEN BARBEARIA NITEROI"
  Expenses:EduardoCuidadosPessoais              60.00 BRL
  Liabilities:Cartao:SmilesBbPlatinum          -60.00 BRL
  origem_id: "despesa"

2025-03-26 * "ICL com apoio a bolsista 11/12"
  Expenses:Cursos                               62.00 BRL
  Liabilities:Cartao:CartaoDeCreditoInter      -62.00 BRL
  origem_id: "despesa"

2025-03-26 * "RDSAUDE ONLINE SAO PAULO"
  Expenses:AnaCuidadosPessoais                  95.82 BRL
  Liabilities:Cartao:SmilesBbPlatinum          -95.82 BRL
  origem_id: "despesa"

2025-03-27 * "Pix Marketplace"
  Expenses:AnaCuidadosPessoais                 112.80 BRL
  Assets:BR:BancoInter                        -112.80 BRL
  origem_id: "despesa"

2025-03-27 * "SUPERMERCADO REAL NITE NITEROI"
  Expenses:Mercado                             230.05 BRL
  Liabilities:Cartao:SmilesBbPlatinum         -230.05 BRL
  origem_id: "despesa"

2025-03-28 * "HBO Max"
  Expenses:CinemaEAluguelDeVideosEMusica        19.95 BRL
  Liabilities:Cartao:SmilesBbPlatinum          -19.95 BRL
  origem_id: "despesa"

2025-03-28 * "Netflix"
  Expenses:CinemaEAluguelDeVideosEMusica        44.90 BRL
  Liabilities:Cartao:Saraiva                   -44.90 BRL
  origem_id: "despesa"

2025-03-28 * "28 de mar. 2025 HUNGARA LANCHES CANTAR - R"
  Expenses:CarolCuidadosPessoais                51.20 BRL
  Liabilities:Cartao:CartaoDeCreditoInter      -51.20 BRL
  origem_id: "despesa"

2025-03-28 * "RDSAUDE ONLINE SAO PAULO"
  Expenses:AnaCuidadosPessoais                  71.60 BRL
  Liabilities:Cartao:SmilesBbPlatinum          -71.60 BRL
  origem_id: "despesa"

2025-03-28 * "Mercado churrasco"
  Expenses:Mercado                              88.22 BRL
  Liabilities:Cartao:SmilesBbPlatinum          -88.22 BRL
  origem_id: "despesa"

2025-03-28 * "ESPACOLASERRJ 7/11"
  Expenses:CarolCuidadosPessoais                89.08 BRL
  Liabilities:Cartao:SmilesBbPlatinum          -89.08 BRL
  origem_id: "despesa"

2025-03-28 * "Curso tatuagem Juju 3/12"
  Expenses:AjudaFamilia                        170.38 BRL
  Liabilities:Cartao:SmilesBbPlatinum         -170.38 BRL
  origem_id: "despesa"

2025-03-28 * "IR/IOF - Tesouro direto"
  Expenses:ImpostosETaxas                      241.71 BRL
  Assets:BR:BancoInter                        -241.71 BRL
  origem_id: "despesa"

2025-03-29 * "Pack Café Santa Monica Grão Gourmet 1KG e Torra Italiana 1KG"
  Expenses:Mercado                             155.97 BRL
  Liabilities:Cartao:SmilesBbPlatinum         -155.97 BRL
  origem_id: "despesa"

2025-03-29 * "Tayna Mariano Da Silva ajuda custo angelica"
  Expenses:Manutencoes                         180.00 BRL
  Assets:BR:BancoInter                        -180.00 BRL
  origem_id: "despesa"

2025-03-29 * "Ajude custo Angélica"
  Expenses:Manutencoes                         200.00 BRL
  Assets:BR:BancoInter                        -200.00 BRL
  origem_id: "despesa"

2025-03-29 * "Uber Carol"
  Expenses:CarolCuidadosPessoais               318.21 BRL
  Liabilities:Cartao:CartaoDeCreditoInter     -318.21 BRL
  origem_id: "despesa"

2025-03-30 * "Paulo Cezar Da Silva Fundao empadinhas"
  Expenses:BaresERestaurantes                   10.00 BRL
  Assets:BR:BancoInter                         -10.00 BRL
  origem_id: "despesa"

2025-03-30 * "DROGARIAS PACHECO NITEROI"
  Expenses:Medicamentos                         52.58 BRL
  Liabilities:Cartao:SmilesBbPlatinum          -52.58 BRL
  origem_id: "despesa"

2025-03-30 * "SUPERMERCADO REAL NITE NITEROI"
  Expenses:Mercado                              53.46 BRL
  Liabilities:Cartao:SmilesBbPlatinum          -53.46 BRL
  origem_id: "despesa"

2025-03-30 * "DROGARIA VENANCIO NITEROI"
  Expenses:Medicamentos                         57.27 BRL
  Liabilities:Cartao:SmilesBbPlatinum          -57.27 BRL
  origem_id: "despesa"

2025-03-31 * "ATUAL.MONETARIA-DEV IOF EXT-20230116"
  Expenses:Viagem                                0.06 BRL
  Liabilities:Cartao:Saraiva                    -0.06 BRL
  origem_id: "despesa"

2025-03-31 * "ATUAL.MONETARIA-DEV IOF EXT-20230116"
  Expenses:Viagem                                0.34 BRL
  Liabilities:Cartao:Saraiva                    -0.34 BRL
  origem_id: "despesa"

2025-03-31 * "Irrf Etfrf Imab11"
  Expenses:ImpostosETaxas                      118.77 BRL
  Assets:BR:BancoInter                        -118.77 BRL
  origem_id: "despesa"

2025-04-01 * "Shampoo Cabelo E Corpo Masculino"
  Expenses:EduardoCuidadosPessoais              38.99 BRL
  Liabilities:Cartao:SmilesBbPlatinum          -38.99 BRL
  origem_id: "despesa"

2025-04-01 * "Go! Pedal Pro + Electrolytes 90 Cáps"
  Expenses:Suplementos                          40.44 BRL
  Liabilities:Cartao:SmilesBbPlatinum          -40.44 BRL
  origem_id: "despesa"

2025-04-01 * "APOIASE*APOIAse Vario São Paulo"
  Expenses:EduardoCuidadosPessoais              55.00 BRL
  Liabilities:Cartao:Saraiva                   -55.00 BRL
  origem_id: "despesa"

2025-04-01 * "Passagens semana Carol"
  Expenses:CarolCuidadosPessoais                80.00 BRL
  Assets:BR:BancoInter                         -80.00 BRL
  origem_id: "despesa"

2025-04-01 * "Telefone Ana"
  Expenses:InternetTvCelulares                  85.12 BRL
  Assets:BR:BbCorrente                         -85.12 BRL
  origem_id: "despesa"

2025-04-01 * "ELETRO HIDRAULICA PIRA NITEROI"
  Expenses:Manutencoes                          95.90 BRL
  Liabilities:Cartao:SmilesBbPlatinum          -95.90 BRL
  origem_id: "despesa"

2025-04-01 * "Mesada Isabela"
  Expenses:AjudaBrunaIsabela                   100.00 BRL
  Assets:BR:BancoInter                        -100.00 BRL
  origem_id: "despesa"

2025-04-01 * "Ajuda mensal Nininha"
  Expenses:FamiliaDadi                         100.00 BRL
  Assets:BR:BancoInter                        -100.00 BRL
  origem_id: "despesa"

2025-04-01 * "Cesta básica Cristiane do jacaré"
  Expenses:Ofertas                             100.00 BRL
  Assets:BR:BancoInter                        -100.00 BRL
  origem_id: "despesa"

2025-04-01 * "POSTO MARALEGRE NITEROI"
  Expenses:Gasolina                            100.00 BRL
  Liabilities:Cartao:SmilesBbPlatinum         -100.00 BRL
  origem_id: "despesa"

2025-04-01 * "Leste Telecom"
  Expenses:InternetTvCelulares                 129.99 BRL
  Assets:BR:BancoInter                        -129.99 BRL
  origem_id: "despesa"

2025-04-01 * "TRESS MERCADO VAREJIST NITEROI"
  Expenses:Mercado                             136.26 BRL
  Liabilities:Cartao:SmilesBbPlatinum         -136.26 BRL
  origem_id: "despesa"

2025-04-01 * "Ajuda plano saúde Luluca"
  Expenses:FamiliaDadi                         160.00 BRL
  Assets:BR:BancoInter                        -160.00 BRL
  origem_id: "despesa"

2025-04-01 * "Unimed Isabela"
  Expenses:AjudaBrunaIsabela                   250.00 BRL
  Assets:BR:BancoInter                        -250.00 BRL
  origem_id: "despesa"

2025-04-01 * "Juju passagem 2/10"
  Expenses:AjudaFamilia                        337.56 BRL
  Liabilities:Cartao:SmilesBbPlatinum         -337.56 BRL
  origem_id: "despesa"

2025-04-01 * "Terapias"
  Expenses:ProfissionaisSaude                  370.00 BRL
  Assets:BR:BancoInter                        -370.00 BRL
  origem_id: "despesa"

2025-04-01 * "Tratamento DTM Carol 7/10"
  Expenses:ProfissionaisSaude                  480.00 BRL
  Liabilities:Cartao:SmilesBbPlatinum         -480.00 BRL
  origem_id: "despesa"

2025-04-02 * "Breve história de quase tudo"
  Expenses:Livros                               15.96 BRL
  Liabilities:Cartao:SmilesBbPlatinum          -15.96 BRL
  origem_id: "despesa"

2025-04-02 * "Baba forminhas 3/12"
  Expenses:FamiliaDadi                          19.73 BRL
  Liabilities:Cartao:SmilesBbPlatinum          -19.73 BRL
  origem_id: "despesa"

2025-04-02 * "EXTRA HIPER-1804 NITEROI"
  Expenses:Mercado                              27.99 BRL
  Liabilities:Cartao:SmilesBbPlatinum          -27.99 BRL
  origem_id: "despesa"

2025-04-02 * "Wellhub Gympass BR GympSao Paulo"
  Expenses:AnaCuidadosPessoais                  59.90 BRL
  Liabilities:Cartao:SmilesBbPlatinum          -59.90 BRL
  origem_id: "despesa"

2025-04-02 * "Wellhub Gympass BR GympSao Paulo (Carol)"
  Expenses:CarolCuidadosPessoais                59.90 BRL
  Liabilities:Cartao:SmilesBbPlatinum          -59.90 BRL
  origem_id: "despesa"

2025-04-02 * "cuecas"
  Expenses:EduardoCuidadosPessoais             100.30 BRL
  Liabilities:Cartao:SmilesBbPlatinum         -100.30 BRL
  origem_id: "despesa"

2025-04-02 * "Maquina lavar 4/10"
  Expenses:Mobilia                             196.68 BRL
  Liabilities:Cartao:SmilesBbPlatinum         -196.68 BRL
  origem_id: "despesa"

2025-04-02 * "SUPERMERCADO REAL NITE NITEROI"
  Expenses:Mercado                             599.67 BRL
  Liabilities:Cartao:SmilesBbPlatinum         -599.67 BRL
  origem_id: "despesa"

2025-04-02 * "Dízimo"
  Expenses:Dizimos                             900.00 BRL
  Assets:BR:BancoInter                        -900.00 BRL
  origem_id: "despesa"

2025-04-03 * "TRESS MERCADO VAREJIST NITEROI"
  Expenses:Mercado                             111.60 BRL
  Liabilities:Cartao:SmilesBbPlatinum         -111.60 BRL
  origem_id: "despesa"

2025-04-03 * "MERCADOLIVRE*5PRODUTOS OSASCO"
  Expenses:Mercado                             197.24 BRL
  Liabilities:Cartao:SmilesBbPlatinum         -197.24 BRL
  origem_id: "despesa"

2025-04-04 * "KIWIFY *WorkshopNR Cotia"
  Expenses:AnaCuidadosPessoais                  19.00 BRL
  Liabilities:Cartao:SmilesBbPlatinum          -19.00 BRL
  origem_id: "despesa"

2025-04-04 * "Pós grad de Ana"
  Expenses:PsicologiaAna                        69.00 BRL
  Assets:BR:BbCorrente                         -69.00 BRL
  origem_id: "despesa"

2025-04-04 * "Estacionamento Mulitcenter"
  Expenses:PsicologiaAna                        82.50 BRL
  Assets:BR:BancoInter                         -82.50 BRL
  origem_id: "despesa"

2025-04-04 * "Dízimo congruas + oferta alimentação projeto"
  Expenses:Dizimos                             240.00 BRL
  Assets:BR:BancoInter                        -240.00 BRL
  origem_id: "despesa"

2025-04-04 * "Mensalidade UVA Economia"
  Expenses:UniversidadeEduardo                 297.20 BRL
  Liabilities:Cartao:SmilesBbPlatinum         -297.20 BRL
  origem_id: "despesa"

2025-04-04 * "Mensalidade UVA contabilidade"
  Expenses:UniversidadeEduardo                 396.97 BRL
  Liabilities:Cartao:SmilesBbPlatinum         -396.97 BRL
  origem_id: "despesa"

2025-04-04 * "IPTU 2025"
  Expenses:Iptu                                474.72 BRL
  Assets:BR:BancoInter                        -474.72 BRL
  origem_id: "despesa"

2025-04-04 * "Terapia Carol"
  Expenses:ProfissionaisSaude                  525.00 BRL
  Assets:BR:BancoInter                        -525.00 BRL
  origem_id: "despesa"

2025-04-04 * "Psicologia Ana"
  Expenses:PsicologiaAna                       588.72 BRL
  Assets:BR:BbCorrente                        -588.72 BRL
  origem_id: "despesa"

2025-04-04 * "Luz"
  Expenses:Luz                                 956.27 BRL
  Assets:BR:BbCorrente                        -956.27 BRL
  origem_id: "despesa"

2025-04-05 * "Tampa caixa de gordura"
  Expenses:Manutencoes                          30.01 BRL
  Liabilities:Cartao:SmilesBbPlatinum          -30.01 BRL
  origem_id: "despesa"

2025-04-05 * "TRESS MERCADO VAREJIST NITEROI"
  Expenses:Mercado                              83.38 BRL
  Liabilities:Cartao:SmilesBbPlatinum          -83.38 BRL
  origem_id: "despesa"

2025-04-05 * "AMAZON BR SAO PAULO"
  Expenses:Mobilia                             146.51 BRL
  Liabilities:Cartao:SmilesBbPlatinum         -146.51 BRL
  origem_id: "despesa"

2025-04-06 * "Chatpdf R"
  Expenses:EduardoCuidadosPessoais              24.99 BRL
  Liabilities:Cartao:SmilesBbPlatinum          -24.99 BRL
  origem_id: "despesa"

2025-04-06 * "TRESS MERCADO VAREJIST NITEROI"
  Expenses:Mercado                              26.17 BRL
  Liabilities:Cartao:SmilesBbPlatinum          -26.17 BRL
  origem_id: "despesa"

2025-04-06 * "CASA E VIDEO 264 NITEROI"
  Expenses:Mobilia                              52.98 BRL
  Liabilities:Cartao:SmilesBbPlatinum          -52.98 BRL
  origem_id: "despesa"

2025-04-06 * "EXTRA HIPER-1804 NITEROI"
  Expenses:Mercado                              77.42 BRL
  Liabilities:Cartao:SmilesBbPlatinum          -77.42 BRL
  origem_id: "despesa"

2025-04-06 * "CASA E VIDEO 264 NITEROI"
  Expenses:Ofertas                              79.99 BRL
  Liabilities:Cartao:SmilesBbPlatinum          -79.99 BRL
  origem_id: "despesa"

2025-04-06 * "POSTO JARDIM UBA NITEROI"
  Expenses:Gasolina                            100.00 BRL
  Liabilities:Cartao:SmilesBbPlatinum         -100.00 BRL
  origem_id: "despesa"

2025-04-06 * "MP*QBITAIPU OSASCO"
  Expenses:AnaCuidadosPessoais                 111.76 BRL
  Liabilities:Cartao:SmilesBbPlatinum         -111.76 BRL
  origem_id: "despesa"

2025-04-07 * "IOF - COMPRA NO EXTERIOR"
  Expenses:EduardoCuidadosPessoais               0.84 BRL
  Liabilities:Cartao:SmilesBbPlatinum           -0.84 BRL
  origem_id: "despesa"

2025-04-07 * "HUB*ESTANTEVIRTUA SAO PAULO"
  Expenses:Livros                               37.64 BRL
  Liabilities:Cartao:SmilesBbPlatinum          -37.64 BRL
  origem_id: "despesa"

2025-04-07 * "MERCADOLIVRE*9PRODUTOS OSASCO"
  Expenses:Mercado                             206.76 BRL
  Liabilities:Cartao:SmilesBbPlatinum         -206.76 BRL
  origem_id: "despesa"

2025-04-08 * "SHEIN *59.734.596 TIAGSao Paulo"
  Expenses:AnaCuidadosPessoais                  21.99 BRL
  Liabilities:Cartao:SmilesBbPlatinum          -21.99 BRL
  origem_id: "despesa"

2025-04-08 * "BRS*SHEINCOM Sao Paulo"
  Expenses:AnaCuidadosPessoais                  99.99 BRL
  Liabilities:Cartao:SmilesBbPlatinum          -99.99 BRL
  origem_id: "despesa"

2025-04-08 * "MERCADOLIVRE*3PRODUTOS OSASCO"
  Expenses:CasaCuidadosPessoais                132.13 BRL
  Liabilities:Cartao:SmilesBbPlatinum         -132.13 BRL
  origem_id: "despesa"

2025-04-09 * "DL*GOOGLE Apple SAO PAULO (Apple tv"
  Expenses:CinemaEAluguelDeVideosEMusica        21.90 BRL
  Liabilities:Cartao:SmilesBbPlatinum          -21.90 BRL
  origem_id: "despesa"

2025-04-09 * "MERCADOLIVRE*ARMARINHOSOSASCO"
  Expenses:AnaCuidadosPessoais                  30.08 BRL
  Liabilities:Cartao:SmilesBbPlatinum          -30.08 BRL
  origem_id: "despesa"

2025-04-09 * "AMAZONMKTPLC*DUARFRECO SAO PAULO"
  Expenses:Mobilia                              51.00 BRL
  Liabilities:Cartao:SmilesBbPlatinum          -51.00 BRL
  origem_id: "despesa"

2025-04-09 * "MERCADOLIVRE*55414479ANOSASCO"
  Expenses:AnaCuidadosPessoais                  54.59 BRL
  Liabilities:Cartao:SmilesBbPlatinum          -54.59 BRL
  origem_id: "despesa"

2025-04-09 * "MERCADOLIVRE*WEBFONESCOOSASCO"
  Expenses:AnaCuidadosPessoais                  55.05 BRL
  Liabilities:Cartao:SmilesBbPlatinum          -55.05 BRL
  origem_id: "despesa"

2025-04-09 * "MERCADOLIVRE*PRODUTOSO OSASCO"
  Expenses:AnaCuidadosPessoais                  62.61 BRL
  Liabilities:Cartao:SmilesBbPlatinum          -62.61 BRL
  origem_id: "despesa"

2025-04-09 * "MERCADOLIVRE*7PRODUTOS OSASCO"
  Expenses:Mercado                             200.03 BRL
  Liabilities:Cartao:SmilesBbPlatinum         -200.03 BRL
  origem_id: "despesa"

2025-04-09 * "SUPERMERCADO REAL NITE NITEROI"
  Expenses:Mercado                             745.92 BRL
  Liabilities:Cartao:SmilesBbPlatinum         -745.92 BRL
  origem_id: "despesa"

2025-04-10 * "UBER * PENDING SAO PAULO"
  Expenses:AnaCuidadosPessoais                  24.21 BRL
  Liabilities:Cartao:SmilesBbPlatinum          -24.21 BRL
  origem_id: "despesa"

2025-04-10 * "TRESS MERCADO VAREJIST NITEROI"
  Expenses:Mercado                              44.44 BRL
  Liabilities:Cartao:SmilesBbPlatinum          -44.44 BRL
  origem_id: "despesa"

2025-04-10 * "Sem parar"
  Expenses:Semparar                             64.09 BRL
  Assets:BR:BbCorrente                         -64.09 BRL
  origem_id: "despesa"

2025-04-10 * "DROGARIA PRECO POPULAR NITEROI"
  Expenses:Medicamentos                         92.39 BRL
  Liabilities:Cartao:SmilesBbPlatinum          -92.39 BRL
  origem_id: "despesa"

2025-04-10 * "TRESS MERCADO VAREJIST NITEROI"
  Expenses:Mercado                             139.97 BRL
  Liabilities:Cartao:SmilesBbPlatinum         -139.97 BRL
  origem_id: "despesa"

2025-04-10 * "ISJBCOLEGIO S PARC 01/07 NITEROI 4/7"
  Expenses:AjudaBrunaIsabela                   752.25 BRL
  Liabilities:Cartao:SmilesBbPlatinum         -752.25 BRL
  origem_id: "despesa"

2025-04-11 * "TRESS MERCADO VAREJIST NITEROI"
  Expenses:Mercado                              11.00 BRL
  Liabilities:Cartao:SmilesBbPlatinum          -11.00 BRL
  origem_id: "despesa"

2025-04-11 * "Adilsonhenriqueda NITEROI"
  Expenses:AnaCuidadosPessoais                  18.00 BRL
  Liabilities:Cartao:SmilesBbPlatinum          -18.00 BRL
  origem_id: "despesa"

2025-04-11 * "UBER* TRIP OSASCO"
  Expenses:AnaCuidadosPessoais                  18.94 BRL
  Liabilities:Cartao:SmilesBbPlatinum          -18.94 BRL
  origem_id: "despesa"

2025-04-11 * "DrykaBelezaCoiffe NITEROI"
  Expenses:AnaCuidadosPessoais                 100.00 BRL
  Liabilities:Cartao:SmilesBbPlatinum         -100.00 BRL
  origem_id: "despesa"

2025-04-11 * "Escola Bela parte"
  Expenses:AjudaBrunaIsabela                   250.00 BRL
  Assets:BR:BancoInter                        -250.00 BRL
  origem_id: "despesa"

2025-04-11 * "Cestas básicas"
  Expenses:Dizimos                             766.85 BRL
  Liabilities:Cartao:SmilesBbPlatinum         -766.85 BRL
  origem_id: "despesa"

2025-04-12 * "EXTRA HIPER-1804 NITEROI"
  Expenses:Mercado                              19.27 BRL
  Liabilities:Cartao:SmilesBbPlatinum          -19.27 BRL
  origem_id: "despesa"

2025-04-12 * "POSTO TREVO DE PIRATIN NITEROI"
  Expenses:Gasolina                            100.00 BRL
  Liabilities:Cartao:SmilesBbPlatinum         -100.00 BRL
  origem_id: "despesa"

2025-04-12 * "SUPERMERCADO REAL NITE NITEROI"
  Expenses:Mercado                             114.46 BRL
  Liabilities:Cartao:SmilesBbPlatinum         -114.46 BRL
  origem_id: "despesa"

2025-04-12 * "DROGARIA PRECO POPULAR NITEROI"
  Expenses:Medicamentos                        173.19 BRL
  Liabilities:Cartao:SmilesBbPlatinum         -173.19 BRL
  origem_id: "despesa"

2025-04-13 * "TRESS MERCADO VAREJIST NITEROI"
  Expenses:Mercado                              31.87 BRL
  Liabilities:Cartao:SmilesBbPlatinum          -31.87 BRL
  origem_id: "despesa"

2025-04-13 * "MERCADOLIVRE*BRUNO PEDREIRA"
  Expenses:Mobilia                              32.77 BRL
  Liabilities:Cartao:SmilesBbPlatinum          -32.77 BRL
  origem_id: "despesa"

2025-04-13 * "ImperioDasBebidas NITEROI"
  Expenses:BaresERestaurantes                   34.82 BRL
  Liabilities:Cartao:SmilesBbPlatinum          -34.82 BRL
  origem_id: "despesa"

2025-04-13 * "TRESS MERCADO VAREJIST NITEROI"
  Expenses:Mercado                              53.41 BRL
  Liabilities:Cartao:SmilesBbPlatinum          -53.41 BRL
  origem_id: "despesa"

2025-04-13 * "IFD*FALHEIRO MONTEIRO NITEROI"
  Expenses:BaresERestaurantes                   60.50 BRL
  Liabilities:Cartao:SmilesBbPlatinum          -60.50 BRL
  origem_id: "despesa"

2025-04-13 * "MERCADOLIVRE*CONSTRUMAROSASCO"
  Expenses:BikeEEtc                            128.64 BRL
  Liabilities:Cartao:SmilesBbPlatinum         -128.64 BRL
  origem_id: "despesa"

2025-04-13 * "SUPERMERCADO REAL NITE NITEROI"
  Expenses:Mercado                             162.31 BRL
  Liabilities:Cartao:SmilesBbPlatinum         -162.31 BRL
  origem_id: "despesa"

2025-04-14 * "DL *GOOGLE YouTubePrem SAO PAULO BR"
  Expenses:AssinaturasEServicos                 24.90 BRL
  Liabilities:Cartao:SmilesBbPlatinum          -24.90 BRL
  origem_id: "despesa"

2025-04-14 * "Star plus + mercado livre"
  Expenses:CinemaEAluguelDeVideosEMusica        24.90 BRL
  Liabilities:Cartao:SmilesBbPlatinum          -24.90 BRL
  origem_id: "despesa"

2025-04-15 * "Genera 9/9"
  Expenses:EduardoCuidadosPessoais              33.85 BRL
  Liabilities:Cartao:CartaoDeCreditoInter      -33.85 BRL
  origem_id: "despesa"

2025-04-15 * "15/03 Wellhub Gympass BR GympSao Paulo BR R (bubu)"
  Expenses:AjudaBrunaIsabela                    59.90 BRL
  Liabilities:Cartao:SmilesBbPlatinum          -59.90 BRL
  origem_id: "despesa"

2025-04-15 * "Wine 10/12"
  Expenses:Mercado                             119.42 BRL
  Liabilities:Cartao:CartaoDeCreditoInter     -119.42 BRL
  origem_id: "despesa"

2025-04-15 * "Conta de água"
  Expenses:Agua                                318.74 BRL
  Assets:BR:BbCorrente                        -318.74 BRL
  origem_id: "despesa"

2025-04-16 * "FARMACIA CAMBOINHAS LT NITEROI"
  Expenses:Medicamentos                         55.49 BRL
  Liabilities:Cartao:SmilesBbPlatinum          -55.49 BRL
  origem_id: "despesa"

2025-04-16 * "Sandro - jardim"
  Expenses:Manutencoes                         200.00 BRL
  Assets:BR:BancoInter                        -200.00 BRL
  origem_id: "despesa"

2025-04-16 * "SUPERMERCADO REAL NITE NITEROI"
  Expenses:Mercado                             991.30 BRL
  Liabilities:Cartao:SmilesBbPlatinum         -991.30 BRL
  origem_id: "despesa"

2025-04-17 * "17/04 VILA DA PONTE BAR E RE NITEROI BR R"
  Expenses:BaresERestaurantes                   16.46 BRL
  Liabilities:Cartao:SmilesBbPlatinum          -16.46 BRL
  origem_id: "despesa"

2025-04-17 * "ANUIDADE DIFERENCIADA TIT-PARC 05/12"
  Expenses:Viagem                               48.00 BRL
  Liabilities:Cartao:SmilesBbPlatinum          -48.00 BRL
  origem_id: "despesa"

2025-04-17 * "17/03 DOMUSBRASILI BELO HORIZON BR R 2/2"
  Expenses:AjudaBrunaIsabela                   136.00 BRL
  Liabilities:Cartao:SmilesBbPlatinum         -136.00 BRL
  origem_id: "despesa"

2025-04-17 * "17/04 CACAU SHOW NITEROI BR R"
  Expenses:Presentes                           209.92 BRL
  Liabilities:Cartao:SmilesBbPlatinum         -209.92 BRL
  origem_id: "despesa"

2025-04-17 * "17/04 MERCADOLIVRE*EBUY OSASCO BR R"
  Expenses:AnaCuidadosPessoais                 229.90 BRL
  Liabilities:Cartao:SmilesBbPlatinum         -229.90 BRL
  origem_id: "despesa"

2025-04-18 * "18/04 TRESS MERCADO VAREJIST NITEROI BR R"
  Expenses:Mercado                              21.61 BRL
  Liabilities:Cartao:SmilesBbPlatinum          -21.61 BRL
  origem_id: "despesa"

2025-04-18 * "Spotify"
  Expenses:CinemaEAluguelDeVideosEMusica        34.90 BRL
  Liabilities:Cartao:SmilesBbPlatinum          -34.90 BRL
  origem_id: "despesa"

2025-04-18 * "18/04 JOAO FLORES NITEROI BR R"
  Expenses:Presentes                            40.00 BRL
  Liabilities:Cartao:SmilesBbPlatinum          -40.00 BRL
  origem_id: "despesa"

2025-04-19 * "19/04 TRESS MERCADO VAREJIST NITEROI BR R"
  Expenses:Mercado                              28.34 BRL
  Liabilities:Cartao:SmilesBbPlatinum          -28.34 BRL
  origem_id: "despesa"

2025-04-19 * "19/04 FARMACIA CAMBOINHAS LT NITEROI BR R"
  Expenses:Medicamentos                         46.00 BRL
  Liabilities:Cartao:SmilesBbPlatinum          -46.00 BRL
  origem_id: "despesa"

2025-04-19 * "19/04 FRIEND'S LAVA JATO NITEROI BR R"
  Expenses:ManutencaoCarro                      60.00 BRL
  Liabilities:Cartao:SmilesBbPlatinum          -60.00 BRL
  origem_id: "despesa"

2025-04-19 * "LABORATORIO M PARC 01/06 NITEROI 6/6"
  Expenses:ProfissionaisSaude                   99.87 BRL
  Liabilities:Cartao:SmilesBbPlatinum          -99.87 BRL
  origem_id: "despesa"

2025-04-19 * "19/04 POSTO TREVO DE PIRATIN NITEROI BR R"
  Expenses:Gasolina                            100.00 BRL
  Liabilities:Cartao:SmilesBbPlatinum         -100.00 BRL
  origem_id: "despesa"

2025-04-19 * "Viagem 2024-02 10/10"
  Expenses:Portugal202502                      782.52 BRL
  Liabilities:Cartao:CartaoDeCreditoInter     -782.52 BRL
  origem_id: "despesa"

2025-04-20 * "TIM*maisbbb248m RIO DE JANEIR BR"
  Expenses:InternetTvCelulares                  43.37 BRL
  Liabilities:Cartao:Saraiva                   -43.37 BRL
  origem_id: "despesa"

2025-04-20 * "20/04 TRESS MERCADO VAREJIST NITEROI BR R"
  Expenses:Mercado                              43.43 BRL
  Liabilities:Cartao:SmilesBbPlatinum          -43.43 BRL
  origem_id: "despesa"

2025-04-21 * "Nic Br"
  Expenses:EduardoCuidadosPessoais              76.00 BRL
  Assets:BR:BancoInter                         -76.00 BRL
  origem_id: "despesa"

2025-04-22 * "Apoio Jones Manuel"
  Expenses:EduardoCuidadosPessoais               4.99 BRL
  Liabilities:Cartao:SmilesBbPlatinum           -4.99 BRL
  origem_id: "despesa"

2025-04-22 * "TRESS MERCADO VAREJIST NITEROI"
  Expenses:Mercado                              13.63 BRL
  Liabilities:Cartao:SmilesBbPlatinum          -13.63 BRL
  origem_id: "despesa"

2025-04-22 * "Salon Line, Óleo Capilar Reparador, Multy Poderosos, Cach..."
  Expenses:CarolCuidadosPessoais                16.80 BRL
  Liabilities:Cartao:SmilesBbPlatinum          -16.80 BRL
  origem_id: "despesa"

2025-04-22 * "DANOS VORAZES OLEO REPARADOR, Lola Cosmetics"
  Expenses:CarolCuidadosPessoais                18.90 BRL
  Liabilities:Cartao:SmilesBbPlatinum          -18.90 BRL
  origem_id: "despesa"

2025-04-22 * "ifood *IFD*51668808 Vila Yara Osa"
  Expenses:BaresERestaurantes                   35.96 BRL
  Liabilities:Cartao:SmilesBbPlatinum          -35.96 BRL
  origem_id: "despesa"

2025-04-22 * "Pagto conta telefone - TIM S/A - 3357"
  Expenses:InternetTvCelulares                  91.78 BRL
  Assets:BR:BancoInter                         -91.78 BRL
  origem_id: "despesa"

2025-04-22 * "EXTRA HIPER-1804 NITEROI"
  Expenses:Mercado                             146.26 BRL
  Liabilities:Cartao:SmilesBbPlatinum         -146.26 BRL
  origem_id: "despesa"

2025-04-23 * "DROGAS PACHECO 238 NITEROI"
  Expenses:Medicamentos                          7.20 BRL
  Liabilities:Cartao:SmilesBbPlatinum           -7.20 BRL
  origem_id: "despesa"

2025-04-23 * "TRESS MERCADO VAREJIST NITEROI"
  Expenses:Mercado                              18.47 BRL
  Liabilities:Cartao:SmilesBbPlatinum          -18.47 BRL
  origem_id: "despesa"

2025-04-23 * "Amazon Kindle Unltd SAO PAULO BR"
  Expenses:Livros                               19.90 BRL
  Liabilities:Cartao:SmilesBbPlatinum          -19.90 BRL
  origem_id: "despesa"

2025-04-23 * "EXTRA HIPER-1804 NITEROI"
  Expenses:Mercado                             144.63 BRL
  Liabilities:Cartao:SmilesBbPlatinum         -144.63 BRL
  origem_id: "despesa"

2025-04-24 * "DROGARIA PRECO POPULAR NITEROI"
  Expenses:Medicamentos                         24.96 BRL
  Liabilities:Cartao:SmilesBbPlatinum          -24.96 BRL
  origem_id: "despesa"

2025-04-24 * "PARC=112 Smil PARC 01/12 Barueri 8/12"
  Expenses:Viagem                               70.20 BRL
  Liabilities:Cartao:SmilesBbPlatinum          -70.20 BRL
  origem_id: "despesa"

2025-04-24 * "MERCADOLIVRE*5PRODUTOS IBITINGA"
  Expenses:CasaCuidadosPessoais                271.23 BRL
  Liabilities:Cartao:SmilesBbPlatinum         -271.23 BRL
  origem_id: "despesa"

2025-04-25 * "Mesada Carol"
  Expenses:CarolCuidadosPessoais               210.00 BRL
  Assets:BR:BancoInter                        -210.00 BRL
  origem_id: "despesa"

2025-04-26 * "DROGARIA VENANCIO NITERI"
  Expenses:Medicamentos                         53.86 BRL
  Liabilities:Cartao:SmilesBbPlatinum          -53.86 BRL
  origem_id: "despesa"

2025-04-26 * "ICL com apoio a bolsista 12/12"
  Expenses:Cursos                               62.00 BRL
  Liabilities:Cartao:CartaoDeCreditoInter      -62.00 BRL
  origem_id: "despesa"

2025-04-26 * "TRESS MERCADO VAREJIST NITEROI"
  Expenses:Mercado                              79.98 BRL
  Liabilities:Cartao:SmilesBbPlatinum          -79.98 BRL
  origem_id: "despesa"

2025-04-27 * "Tayna Mariano Da Silva"
  Expenses:Manutencoes                          15.00 BRL
  Assets:BR:BancoInter                         -15.00 BRL
  origem_id: "despesa"

2025-04-27 * "Riopar Participacoes Sa (Sandro)"
  Expenses:Manutencoes                          25.00 BRL
  Assets:BR:BancoInter                         -25.00 BRL
  origem_id: "despesa"

2025-04-27 * "MR. FRANGO NITEROI"
  Expenses:BaresERestaurantes                   67.50 BRL
  Liabilities:Cartao:SmilesBbPlatinum          -67.50 BRL
  origem_id: "despesa"

2025-04-27 * "MERCADOLIVRE*6PRODUTOS JANDIRA"
  Expenses:Mercado                             222.29 BRL
  Liabilities:Cartao:SmilesBbPlatinum         -222.29 BRL
  origem_id: "despesa"

2025-04-28 * "UBER * PENDING SAO PAULO"
  Expenses:CasaCuidadosPessoais                 11.92 BRL
  Liabilities:Cartao:Saraiva                   -11.92 BRL
  origem_id: "despesa"

2025-04-28 * "HBO Max"
  Expenses:CinemaEAluguelDeVideosEMusica        19.95 BRL
  Liabilities:Cartao:SmilesBbPlatinum          -19.95 BRL
  origem_id: "despesa"

2025-04-28 * "Passagens semana Carol"
  Expenses:CarolCuidadosPessoais                40.00 BRL
  Assets:BR:BancoInter                         -40.00 BRL
  origem_id: "despesa"

2025-04-28 * "Netflix"
  Expenses:CinemaEAluguelDeVideosEMusica        44.90 BRL
  Liabilities:Cartao:Saraiva                   -44.90 BRL
  origem_id: "despesa"

2025-04-28 * "ESPACOLASERRJ 8/11"
  Expenses:CarolCuidadosPessoais                89.08 BRL
  Liabilities:Cartao:SmilesBbPlatinum          -89.08 BRL
  origem_id: "despesa"

2025-04-28 * "Curso tatuagem Juju 4/12"
  Expenses:AjudaFamilia                        170.38 BRL
  Liabilities:Cartao:SmilesBbPlatinum         -170.38 BRL
  origem_id: "despesa"

2025-04-28 * "SUPERMERCADO REAL NITE NITEROI"
  Expenses:Mercado                             430.71 BRL
  Liabilities:Cartao:SmilesBbPlatinum         -430.71 BRL
  origem_id: "despesa"

2025-04-29 * "TRESS MERCADO VAREJIST NITEROI"
  Expenses:Mercado                              37.28 BRL
  Liabilities:Cartao:SmilesBbPlatinum          -37.28 BRL
  origem_id: "despesa"

2025-04-29 * "FARMACIA CAMBOINHAS LT NITEROI"
  Expenses:Medicamentos                         37.59 BRL
  Liabilities:Cartao:SmilesBbPlatinum          -37.59 BRL
  origem_id: "despesa"

2025-04-29 * "TRESS MERCADO VAREJIST NITEROI"
  Expenses:Mercado                              38.97 BRL
  Liabilities:Cartao:SmilesBbPlatinum          -38.97 BRL
  origem_id: "despesa"

2025-04-29 * "AMAZON BR SAO PAULO"
  Expenses:CarolCuidadosPessoais                41.80 BRL
  Liabilities:Cartao:SmilesBbPlatinum          -41.80 BRL
  origem_id: "despesa"

2025-04-29 * "UBER* TRIP WWW.UBER.COM."
  Expenses:FamiliaDadi                          55.60 BRL
  Liabilities:Cartao:Saraiva                   -55.60 BRL
  origem_id: "despesa"

2025-04-29 * "UBER* TRIP WWW.UBER.COM."
  Expenses:FamiliaDadi                          58.88 BRL
  Liabilities:Cartao:Saraiva                   -58.88 BRL
  origem_id: "despesa"

2025-04-29 * "MERCADOLIVRE*MOVIMENTOCOSASCO"
  Expenses:FamiliaDadi                          68.71 BRL
  Liabilities:Cartao:SmilesBbPlatinum          -68.71 BRL
  origem_id: "despesa"

2025-04-29 * "Carolina Carvalho De Carvalho"
  Expenses:CarolCuidadosPessoais                70.00 BRL
  Assets:BR:BancoInter                         -70.00 BRL
  origem_id: "despesa"

2025-04-29 * "POSTO MARALEGRE NITEROI"
  Expenses:Gasolina                            100.00 BRL
  Liabilities:Cartao:SmilesBbPlatinum         -100.00 BRL
  origem_id: "despesa"

2025-04-30 * "MR TRIGO NITEROI"
  Expenses:EduardoCuidadosPessoais               8.00 BRL
  Liabilities:Cartao:SmilesBbPlatinum           -8.00 BRL
  origem_id: "despesa"

2025-04-30 * "MCDONALDS NITEROI"
  Expenses:BaresERestaurantes                   10.90 BRL
  Liabilities:Cartao:SmilesBbPlatinum          -10.90 BRL
  origem_id: "despesa"

2025-04-30 * "Tayna Mariano Da Silva"
  Expenses:Manutencoes                          14.00 BRL
  Assets:BR:BancoInter                         -14.00 BRL
  origem_id: "despesa"

2025-04-30 * "ImperioDasBebidas NITEROI"
  Expenses:BaresERestaurantes                   69.06 BRL
  Liabilities:Cartao:SmilesBbPlatinum          -69.06 BRL
  origem_id: "despesa"

2025-04-30 * "MERCADOLIVRE*COMPANHIABOSASCO"
  Expenses:Mercado                             130.68 BRL
  Liabilities:Cartao:SmilesBbPlatinum         -130.68 BRL
  origem_id: "despesa"

2025-05-01 * "TRESS MERCADO VAREJIST NITEROI"
  Expenses:Mercado                              23.99 BRL
  Liabilities:Cartao:SmilesBbPlatinum          -23.99 BRL
  origem_id: "despesa"

2025-05-01 * "APOIASE*APOIAse Vario São Paulo"
  Expenses:EduardoCuidadosPessoais              55.00 BRL
  Liabilities:Cartao:Saraiva                   -55.00 BRL
  origem_id: "despesa"

2025-05-01 * "SUPERMERCADO PADRAO D NITEROI"
  Expenses:Mercado                             114.45 BRL
  Liabilities:Cartao:SmilesBbPlatinum         -114.45 BRL
  origem_id: "despesa"

2025-05-01 * "TRESS MERCADO VAREJIST NITEROI"
  Expenses:Mercado                             208.61 BRL
  Liabilities:Cartao:SmilesBbPlatinum         -208.61 BRL
  origem_id: "despesa"

2025-05-01 * "Juju passagem 3/10"
  Expenses:AjudaFamilia                        337.56 BRL
  Liabilities:Cartao:SmilesBbPlatinum         -337.56 BRL
  origem_id: "despesa"

2025-05-01 * "Tratamento DTM Carol 8/10"
  Expenses:ProfissionaisSaude                  480.00 BRL
  Liabilities:Cartao:SmilesBbPlatinum         -480.00 BRL
  origem_id: "despesa"

2025-05-02 * "Delivery são gonçalo"
  Expenses:CarolCuidadosPessoais                15.00 BRL
  Liabilities:Cartao:CartaoDeCreditoInter      -15.00 BRL
  origem_id: "despesa"

2025-05-02 * "Baba forminhas 4/12"
  Expenses:FamiliaDadi                          19.73 BRL
  Liabilities:Cartao:SmilesBbPlatinum          -19.73 BRL
  origem_id: "despesa"

2025-05-02 * "Wellhub Gympass BR GympSao Paulo"
  Expenses:AnaCuidadosPessoais                  59.90 BRL
  Liabilities:Cartao:SmilesBbPlatinum          -59.90 BRL
  origem_id: "despesa"

2025-05-02 * "Wellhub Gympass BR GympSao Paulo (Carol)"
  Expenses:CarolCuidadosPessoais                59.90 BRL
  Liabilities:Cartao:SmilesBbPlatinum          -59.90 BRL
  origem_id: "despesa"

2025-05-02 * "AMOEDO ITAIPU NITEROI"
  Expenses:Manutencoes                          64.50 BRL
  Liabilities:Cartao:SmilesBbPlatinum          -64.50 BRL
  origem_id: "despesa"

2025-05-02 * "Telefone Ana"
  Expenses:InternetTvCelulares                  82.99 BRL
  Assets:BR:BbCorrente                         -82.99 BRL
  origem_id: "despesa"

2025-05-02 * "Leste Telecom"
  Expenses:InternetTvCelulares                 129.99 BRL
  Assets:BR:BancoInter                        -129.99 BRL
  origem_id: "despesa"

2025-05-02 * "DROGARIA PRECO POPULAR NITEROI"
  Expenses:Medicamentos                        195.45 BRL
  Liabilities:Cartao:SmilesBbPlatinum         -195.45 BRL
  origem_id: "despesa"

2025-05-02 * "Maquina lavar 5/10"
  Expenses:Mobilia                             196.68 BRL
  Liabilities:Cartao:SmilesBbPlatinum         -196.68 BRL
  origem_id: "despesa"

2025-05-02 * "SUPERMERCADO REAL NITE NITEROI"
  Expenses:Mercado                             543.57 BRL
  Liabilities:Cartao:SmilesBbPlatinum         -543.57 BRL
  origem_id: "despesa"

2025-05-03 * "Magazine torra torra"
  Expenses:CarolCuidadosPessoais                17.03 BRL
  Liabilities:Cartao:CartaoDeCreditoInter      -17.03 BRL
  origem_id: "despesa"

2025-05-04 * "Passagens semana Carol"
  Expenses:CarolCuidadosPessoais                80.00 BRL
  Assets:BR:BancoInter                         -80.00 BRL
  origem_id: "despesa"

2025-05-04 * "TRESS MERCADO VAREJIST NITEROI"
  Expenses:Mercado                             133.33 BRL
  Liabilities:Cartao:SmilesBbPlatinum         -133.33 BRL
  origem_id: "despesa"

2025-05-04 * "MERCADOLIVRE*3PRODUTOS BARUERI"
  Expenses:CasaCuidadosPessoais                155.50 BRL
  Liabilities:Cartao:SmilesBbPlatinum         -155.50 BRL
  origem_id: "despesa"

2025-05-05 * "Pós grad de Ana"
  Expenses:PsicologiaAna                        69.00 BRL
  Assets:BR:BbCorrente                         -69.00 BRL
  origem_id: "despesa"

2025-05-05 * "AMAZON BR SAO PAULO"
  Expenses:Mercado                              73.08 BRL
  Liabilities:Cartao:SmilesBbPlatinum          -73.08 BRL
  origem_id: "despesa"

2025-05-05 * "DROGARIA PRECO POPULAR NITEROI"
  Expenses:Medicamentos                         81.11 BRL
  Liabilities:Cartao:SmilesBbPlatinum          -81.11 BRL
  origem_id: "despesa"

2025-05-05 * "Estacionamento Mulitcenter"
  Expenses:PsicologiaAna                        82.50 BRL
  Assets:BR:BbCorrente                         -82.50 BRL
  origem_id: "despesa"

2025-05-05 * "Mesada Isabela"
  Expenses:AjudaBrunaIsabela                   100.00 BRL
  Assets:BR:BancoInter                        -100.00 BRL
  origem_id: "despesa"

2025-05-05 * "Ajuda mensal Nininha"
  Expenses:FamiliaDadi                         100.00 BRL
  Assets:BR:BancoInter                        -100.00 BRL
  origem_id: "despesa"

2025-05-05 * "Cesta básica Cristiane do jacaré"
  Expenses:Ofertas                             100.00 BRL
  Assets:BR:BancoInter                        -100.00 BRL
  origem_id: "despesa"

2025-05-05 * "USE GAS NITEROI"
  Expenses:Mercado                             115.00 BRL
  Liabilities:Cartao:SmilesBbPlatinum         -115.00 BRL
  origem_id: "despesa"

2025-05-05 * "Ajuda plano saúde Luluca"
  Expenses:FamiliaDadi                         160.00 BRL
  Assets:BR:BancoInter                        -160.00 BRL
  origem_id: "despesa"

2025-05-05 * "Unimed Isabela"
  Expenses:AjudaBrunaIsabela                   250.00 BRL
  Assets:BR:BancoInter                        -250.00 BRL
  origem_id: "despesa"

2025-05-05 * "Mensalidade UVA Economia"
  Expenses:UniversidadeEduardo                 297.20 BRL
  Liabilities:Cartao:SmilesBbPlatinum         -297.20 BRL
  origem_id: "despesa"

2025-05-05 * "Mensalidade UVA contabilidade"
  Expenses:UniversidadeEduardo                 396.97 BRL
  Liabilities:Cartao:SmilesBbPlatinum         -396.97 BRL
  origem_id: "despesa"

2025-05-05 * "Ajude custo Angélica"
  Expenses:Manutencoes                         400.00 BRL
  Assets:BR:BancoInter                        -400.00 BRL
  origem_id: "despesa"

2025-05-05 * "Terapias"
  Expenses:ProfissionaisSaude                  500.00 BRL
  Assets:BR:BancoInter                        -500.00 BRL
  origem_id: "despesa"

2025-05-05 * "Psicologia Ana"
  Expenses:PsicologiaAna                       588.72 BRL
  Assets:BR:BbCorrente                        -588.72 BRL
  origem_id: "despesa"

2025-05-05 * "Luz"
  Expenses:Luz                                 784.85 BRL
  Assets:BR:BbCorrente                        -784.85 BRL
  origem_id: "despesa"

2025-05-05 * "Dízimo"
  Expenses:Dizimos                            1300.00 BRL
  Assets:BR:BancoInter                       -1300.00 BRL
  origem_id: "despesa"

2025-05-06 * "POSTO TREVO DE PIRATIN NITEROI"
  Expenses:Gasolina                            110.00 BRL
  Liabilities:Cartao:SmilesBbPlatinum         -110.00 BRL
  origem_id: "despesa"

2025-05-06 * "TRESS MERCADO VAREJIST NITEROI"
  Expenses:Mercado                             116.58 BRL
  Liabilities:Cartao:SmilesBbPlatinum         -116.58 BRL
  origem_id: "despesa"

2025-05-07 * "07 de mai. 2025 NAT Natura Pagamentos - R"
  Expenses:Presentes                           166.94 BRL
  Liabilities:Cartao:CartaoDeCreditoInter     -166.94 BRL
  origem_id: "despesa"

2025-05-07 * "GARDEN CENTER II NITEROI"
  Expenses:CasaCuidadosPessoais                169.80 BRL
  Liabilities:Cartao:SmilesBbPlatinum         -169.80 BRL
  origem_id: "despesa"

2025-05-07 * "SUPERMERCADO REAL NITE NITEROI BR"
  Expenses:Mercado                             397.68 BRL
  Liabilities:Cartao:SmilesBbPlatinum         -397.68 BRL
  origem_id: "despesa"

2025-05-08 * "CALIFORNIA COFFEE NITEROI"
  Expenses:EduardoCuidadosPessoais               9.50 BRL
  Liabilities:Cartao:SmilesBbPlatinum           -9.50 BRL
  origem_id: "despesa"

2025-05-08 * "Uber Carol"
  Expenses:CarolCuidadosPessoais               210.76 BRL
  Liabilities:Cartao:CartaoDeCreditoInter     -210.76 BRL
  origem_id: "despesa"

2025-05-09 * "DL*GOOGLE Apple SAO PAULO (Apple tv"
  Expenses:CinemaEAluguelDeVideosEMusica        21.90 BRL
  Liabilities:Cartao:SmilesBbPlatinum          -21.90 BRL
  origem_id: "despesa"

2025-05-09 * "UBER * PENDING SAO PAULO"
  Expenses:CasaCuidadosPessoais                 37.81 BRL
  Liabilities:Cartao:Saraiva                   -37.81 BRL
  origem_id: "despesa"

2025-05-09 * "DROGARIA PRECO POPULAR NITEROI"
  Expenses:Medicamentos                         47.14 BRL
  Liabilities:Cartao:SmilesBbPlatinum          -47.14 BRL
  origem_id: "despesa"

2025-05-09 * "UBER* TRIP WWW.UBER.COM."
  Expenses:AnaCuidadosPessoais                  49.19 BRL
  Liabilities:Cartao:SmilesBbPlatinum          -49.19 BRL
  origem_id: "despesa"

2025-05-09 * "TOP MIX FASHION NITEROI"
  Expenses:AnaCuidadosPessoais                  62.00 BRL
  Liabilities:Cartao:SmilesBbPlatinum          -62.00 BRL
  origem_id: "despesa"

2025-05-09 * "HNA*OBOTICARIO NITEROI"
  Expenses:Presentes                            77.20 BRL
  Liabilities:Cartao:SmilesBbPlatinum          -77.20 BRL
  origem_id: "despesa"

2025-05-09 * "HORTIFRUTI REGIAO OCEA NITEROI"
  Expenses:Mercado                             119.25 BRL
  Liabilities:Cartao:SmilesBbPlatinum         -119.25 BRL
  origem_id: "despesa"

2025-05-09 * "SUPERMERCADO REAL NITE NITEROI"
  Expenses:Dizimos                             702.40 BRL
  Liabilities:Cartao:SmilesBbPlatinum         -702.40 BRL
  origem_id: "despesa"

2025-05-10 * "MERCADOLIVRE*CLIQON MOGI DAS CRUZ"
  Expenses:CasaCuidadosPessoais                 27.66 BRL
  Liabilities:Cartao:SmilesBbPlatinum          -27.66 BRL
  origem_id: "despesa"

2025-05-10 * "MERCADOLIVRE*FLAYOUTLE NOVA SERRANA"
  Expenses:EduardoCuidadosPessoais              83.77 BRL
  Liabilities:Cartao:SmilesBbPlatinum          -83.77 BRL
  origem_id: "despesa"

2025-05-10 * "IMBATIVEL SUPERMERCAD NITEROI"
  Expenses:Mercado                             156.03 BRL
  Liabilities:Cartao:SmilesBbPlatinum         -156.03 BRL
  origem_id: "despesa"

2025-05-10 * "Escola Bela parte"
  Expenses:AjudaBrunaIsabela                   250.00 BRL
  Assets:BR:BancoInter                        -250.00 BRL
  origem_id: "despesa"

2025-05-10 * "Conta de água"
  Expenses:Agua                                318.74 BRL
  Assets:BR:BancoInter                        -318.74 BRL
  origem_id: "despesa"

2025-05-10 * "ISJBCOLEGIO S PARC 01/07 NITEROI 5/7"
  Expenses:AjudaBrunaIsabela                   752.25 BRL
  Liabilities:Cartao:SmilesBbPlatinum         -752.25 BRL
  origem_id: "despesa"

2025-05-11 * "TRESS MERCADO VAREJIST NITEROI"
  Expenses:Mercado                              23.98 BRL
  Liabilities:Cartao:SmilesBbPlatinum          -23.98 BRL
  origem_id: "despesa"

2025-05-11 * "ifood *IFD*CONI CAMB Vila Yara Osa"
  Expenses:BaresERestaurantes                   57.99 BRL
  Liabilities:Cartao:SmilesBbPlatinum          -57.99 BRL
  origem_id: "despesa"

2025-05-11 * "TRESS MERCADO VAREJIST NITEROI"
  Expenses:Mercado                              81.40 BRL
  Liabilities:Cartao:SmilesBbPlatinum          -81.40 BRL
  origem_id: "despesa"

2025-05-12 * "TRESS MERCADO VAREJIST NITEROI"
  Expenses:Mercado                              26.07 BRL
  Liabilities:Cartao:SmilesBbPlatinum          -26.07 BRL
  origem_id: "despesa"

2025-05-12 * "Sem parar"
  Expenses:Semparar                             51.99 BRL
  Assets:BR:BbCorrente                         -51.99 BRL
  origem_id: "despesa"

2025-05-12 * "OPENAI OPENAI.COM"
  Expenses:EduardoCuidadosPessoais              58.77 BRL
  Liabilities:Cartao:SmilesBbPlatinum          -58.77 BRL
  origem_id: "despesa"

2025-05-12 * "LAGOA II MATERIAL DE C NITEROI"
  Expenses:Manutencoes                          99.00 BRL
  Liabilities:Cartao:SmilesBbPlatinum          -99.00 BRL
  origem_id: "despesa"

2025-05-12 * "IPTU 2025"
  Expenses:Iptu                                474.72 BRL
  Assets:BR:BancoInter                        -474.72 BRL
  origem_id: "despesa"

2025-05-13 * "IOF - COMPRA NO EXTERIOR"
  Expenses:EduardoCuidadosPessoais               1.98 BRL
  Liabilities:Cartao:SmilesBbPlatinum           -1.98 BRL
  origem_id: "despesa"

2025-05-13 * "MR TRIGO NITEROI"
  Expenses:EduardoCuidadosPessoais              27.00 BRL
  Liabilities:Cartao:SmilesBbPlatinum          -27.00 BRL
  origem_id: "despesa"

2025-05-13 * "TRESS MERCADO VAREJIST NITEROI"
  Expenses:Mercado                              57.19 BRL
  Liabilities:Cartao:SmilesBbPlatinum          -57.19 BRL
  origem_id: "despesa"

2025-05-13 * "13 de mai. 2025 POSTO MARALEGRE - R"
  Expenses:Gasolina                            100.00 BRL
  Liabilities:Cartao:CartaoDeCreditoInter     -100.00 BRL
  origem_id: "despesa"

2025-05-14 * "EXTRA HIPER-1804 NITEROI BR"
  Expenses:Mercado                              12.48 BRL
  Liabilities:Cartao:SmilesBbPlatinum          -12.48 BRL
  origem_id: "despesa"

2025-05-14 * "CALIFORNIA COFFEE NITEROI BR"
  Expenses:EduardoCuidadosPessoais              24.60 BRL
  Liabilities:Cartao:SmilesBbPlatinum          -24.60 BRL
  origem_id: "despesa"

2025-05-14 * "Star plus + mercado livre"
  Expenses:CinemaEAluguelDeVideosEMusica        24.90 BRL
  Liabilities:Cartao:SmilesBbPlatinum          -24.90 BRL
  origem_id: "despesa"

2025-05-14 * "DL *GOOGLE YouTubePrem SAO PAULO BR"
  Expenses:CinemaEAluguelDeVideosEMusica        26.90 BRL
  Liabilities:Cartao:SmilesBbPlatinum          -26.90 BRL
  origem_id: "despesa"

2025-05-14 * "14 de mai. 2025 EXTRA HIPER 1804 - R"
  Expenses:Mercado                              35.08 BRL
  Liabilities:Cartao:CartaoDeCreditoInter      -35.08 BRL
  origem_id: "despesa"

2025-05-14 * "SUPERMERCADO PADRAO D NITEROI BR"
  Expenses:Mercado                             491.77 BRL
  Liabilities:Cartao:SmilesBbPlatinum         -491.77 BRL
  origem_id: "despesa"

2025-05-14 * "Terapia Carol"
  Expenses:ProfissionaisSaude                  875.00 BRL
  Assets:BR:BancoInter                        -875.00 BRL
  origem_id: "despesa"

2025-05-15 * "EXTRA HIPER-1804 NITEROI BR"
  Expenses:Mercado                              37.00 BRL
  Liabilities:Cartao:SmilesBbPlatinum          -37.00 BRL
  origem_id: "despesa"

2025-05-15 * "15/03 Wellhub Gympass BR GympSao Paulo BR R (bubu)"
  Expenses:AjudaBrunaIsabela                    59.90 BRL
  Liabilities:Cartao:SmilesBbPlatinum          -59.90 BRL
  origem_id: "despesa"

2025-05-15 * "Wine 11/12"
  Expenses:Mercado                             119.42 BRL
  Liabilities:Cartao:CartaoDeCreditoInter     -119.42 BRL
  origem_id: "despesa"

2025-05-16 * "16 de mai. 2025 NERIAH DE ICARAI PROD - R"
  Expenses:CarolCuidadosPessoais                11.99 BRL
  Liabilities:Cartao:CartaoDeCreditoInter      -11.99 BRL
  origem_id: "despesa"

2025-05-16 * "PIZZARIA DI LIDIA ITAI NITEROI BR"
  Expenses:BaresERestaurantes                   37.79 BRL
  Liabilities:Cartao:SmilesBbPlatinum          -37.79 BRL
  origem_id: "despesa"

2025-05-16 * "IFD*MAJU PIZZARIA LTDA NITEROI BR"
  Expenses:BaresERestaurantes                   43.83 BRL
  Liabilities:Cartao:SmilesBbPlatinum          -43.83 BRL
  origem_id: "despesa"

2025-05-16 * "IFD*MAJU PIZZARIA LTDA NITEROI BR"
  Expenses:BaresERestaurantes                   92.79 BRL
  Liabilities:Cartao:SmilesBbPlatinum          -92.79 BRL
  origem_id: "despesa"

2025-05-16 * "DrykaBelezaCoiffe NITEROI BR"
  Expenses:AnaCuidadosPessoais                 250.00 BRL
  Liabilities:Cartao:SmilesBbPlatinum         -250.00 BRL
  origem_id: "despesa"

2025-05-16 * "SUPERMERCADO REAL NITE NITEROI BR"
  Expenses:Mercado                             312.12 BRL
  Liabilities:Cartao:SmilesBbPlatinum         -312.12 BRL
  origem_id: "despesa"

2025-05-16 * "Carro, enchente 1/3"
  Expenses:ManutencaoCarro                    1085.34 BRL
  Liabilities:Cartao:SmilesBbPlatinum        -1085.34 BRL
  origem_id: "despesa"

2025-05-17 * "CALIFORNIA COFFEE NITEROI BR"
  Expenses:EduardoCuidadosPessoais               9.50 BRL
  Liabilities:Cartao:SmilesBbPlatinum           -9.50 BRL
  origem_id: "despesa"

2025-05-17 * "EXTRA HIPER-1804 NITEROI BR"
  Expenses:EduardoCuidadosPessoais               9.85 BRL
  Liabilities:Cartao:SmilesBbPlatinum           -9.85 BRL
  origem_id: "despesa"

2025-05-17 * "CONDOMINIO DO ITAIPU M NITEROI BR"
  Expenses:AnaCuidadosPessoais                  15.00 BRL
  Liabilities:Cartao:SmilesBbPlatinum          -15.00 BRL
  origem_id: "despesa"

2025-05-17 * "Aline Ferreira Da Luz (cocadas)"
  Expenses:BaresERestaurantes                   20.00 BRL
  Assets:BR:BancoInter                         -20.00 BRL
  origem_id: "despesa"

2025-05-17 * "CALIFORNIA COFFEE NITEROI BR"
  Expenses:Mercado                              24.90 BRL
  Liabilities:Cartao:SmilesBbPlatinum          -24.90 BRL
  origem_id: "despesa"

2025-05-17 * "BURGER KING NITEROI BR"
  Expenses:BaresERestaurantes                   30.00 BRL
  Liabilities:Cartao:SmilesBbPlatinum          -30.00 BRL
  origem_id: "despesa"

2025-05-17 * "REIMIX COMERCIO DE CAL NITEROI BR"
  Expenses:AnaCuidadosPessoais                  39.99 BRL
  Liabilities:Cartao:SmilesBbPlatinum          -39.99 BRL
  origem_id: "despesa"

2025-05-17 * "KOPENHAGEM ITAIPU NITEROI BR"
  Expenses:EduardoCuidadosPessoais              41.40 BRL
  Liabilities:Cartao:SmilesBbPlatinum          -41.40 BRL
  origem_id: "despesa"

2025-05-17 * "17 de mai. 2025 DELIVERY - R"
  Expenses:CarolCuidadosPessoais                45.00 BRL
  Liabilities:Cartao:CartaoDeCreditoInter      -45.00 BRL
  origem_id: "despesa"

2025-05-17 * "BURGER KING NITEROI BR"
  Expenses:BaresERestaurantes                   47.90 BRL
  Liabilities:Cartao:SmilesBbPlatinum          -47.90 BRL
  origem_id: "despesa"

2025-05-17 * "DROGARIA PRECO POPULAR NITEROI BR"
  Expenses:Medicamentos                         50.66 BRL
  Liabilities:Cartao:SmilesBbPlatinum          -50.66 BRL
  origem_id: "despesa"

2025-05-17 * "FRIEND'S LAVA JATO NITEROI BR"
  Expenses:ManutencaoCarro                      60.00 BRL
  Liabilities:Cartao:SmilesBbPlatinum          -60.00 BRL
  origem_id: "despesa"

2025-05-17 * "TOY BOY NITEROI BR"
  Expenses:Presentes                            60.80 BRL
  Liabilities:Cartao:SmilesBbPlatinum          -60.80 BRL
  origem_id: "despesa"

2025-05-17 * "JOCILEIA MARIA DA SILVANiteroi BR"
  Expenses:AnaCuidadosPessoais                  82.39 BRL
  Liabilities:Cartao:SmilesBbPlatinum          -82.39 BRL
  origem_id: "despesa"

2025-05-17 * "HNA*OBOTICARIO NITEROI BR"
  Expenses:Presentes                           133.67 BRL
  Liabilities:Cartao:SmilesBbPlatinum         -133.67 BRL
  origem_id: "despesa"

2025-05-17 * "AmazonPrimeBR SAO PAULO BR"
  Expenses:AnaCuidadosPessoais                 166.80 BRL
  Liabilities:Cartao:SmilesBbPlatinum         -166.80 BRL
  origem_id: "despesa"

2025-05-17 * "MERCADOLIVRE*5PRODUTOS OSASCO BR"
  Expenses:Mercado                             259.74 BRL
  Liabilities:Cartao:SmilesBbPlatinum         -259.74 BRL
  origem_id: "despesa"

2025-05-18 * "18 de mai. 2025 DROGAS PACHECO 221 - R"
  Expenses:Medicamentos                         26.98 BRL
  Liabilities:Cartao:CartaoDeCreditoInter      -26.98 BRL
  origem_id: "despesa"

2025-05-18 * "ZE DELIVERY AV 7 NITEROI BR"
  Expenses:BaresERestaurantes                   34.22 BRL
  Liabilities:Cartao:SmilesBbPlatinum          -34.22 BRL
  origem_id: "despesa"

2025-05-18 * "Spotify"
  Expenses:CinemaEAluguelDeVideosEMusica        34.90 BRL
  Liabilities:Cartao:SmilesBbPlatinum          -34.90 BRL
  origem_id: "despesa"

2025-05-18 * "Passagens semana Carol"
  Expenses:CarolCuidadosPessoais                40.00 BRL
  Assets:BR:BancoInter                         -40.00 BRL
  origem_id: "despesa"

2025-05-18 * "TRESS MERCADO VAREJIST NITEROI BR"
  Expenses:Mercado                              78.57 BRL
  Liabilities:Cartao:SmilesBbPlatinum          -78.57 BRL
  origem_id: "despesa"

2025-05-19 * "CONDOMINIO DO ITAIPU M NITEROI BR"
  Expenses:AnaCuidadosPessoais                  15.00 BRL
  Liabilities:Cartao:SmilesBbPlatinum          -15.00 BRL
  origem_id: "despesa"

2025-05-19 * "19/11 LABORATORIO M PARC 06/06 NITEROI BR R"
  Expenses:EduardoCuidadosPessoais              99.87 BRL
  Liabilities:Cartao:SmilesBbPlatinum          -99.87 BRL
  origem_id: "despesa"

2025-05-20 * "TRESS MERCADO VAREJIST NITEROI BR"
  Expenses:Mercado                              31.35 BRL
  Liabilities:Cartao:SmilesBbPlatinum          -31.35 BRL
  origem_id: "despesa"

2025-05-20 * "TIM*maisbbb248m RIO DE JANEIR BR"
  Expenses:InternetTvCelulares                  43.37 BRL
  Liabilities:Cartao:Saraiva                   -43.37 BRL
  origem_id: "despesa"

2025-05-20 * "TIM*maisbbb248m RIO DE JANEIR BR"
  Expenses:InternetTvCelulares                  47.75 BRL
  Liabilities:Cartao:Saraiva                   -47.75 BRL
  origem_id: "despesa"

2025-05-20 * "ANUIDADE DIFERENCIADA TIT-PARC 05/12"
  Expenses:Viagem                               48.00 BRL
  Liabilities:Cartao:SmilesBbPlatinum          -48.00 BRL
  origem_id: "despesa"

2025-05-20 * "DROGARIA PRECO POPULAR NITEROI BR"
  Expenses:Medicamentos                        116.27 BRL
  Liabilities:Cartao:SmilesBbPlatinum         -116.27 BRL
  origem_id: "despesa"

2025-05-21 * "21 de mai. 2025 YORUBAR - R"
  Expenses:CarolCuidadosPessoais                17.00 BRL
  Liabilities:Cartao:CartaoDeCreditoInter      -17.00 BRL
  origem_id: "despesa"

2025-05-21 * "21/05 MERCADOLIVRE*COMPREROUPOSASCO BR R"
  Expenses:EduardoCuidadosPessoais              85.69 BRL
  Liabilities:Cartao:SmilesBbPlatinum          -85.69 BRL
  origem_id: "despesa"

2025-05-21 * "SUPERMERCADO PADRAO D NITEROI"
  Expenses:Mercado                             259.01 BRL
  Liabilities:Cartao:SmilesBbPlatinum         -259.01 BRL
  origem_id: "despesa"

2025-05-21 * "Compras mercado livre259,03"
  Expenses:Mercado                             259.03 BRL
  Liabilities:Cartao:SmilesBbPlatinum         -259.03 BRL
  origem_id: "despesa"

2025-05-22 * "Apoio Jones Manuel"
  Expenses:EduardoCuidadosPessoais               4.99 BRL
  Liabilities:Cartao:SmilesBbPlatinum           -4.99 BRL
  origem_id: "despesa"

2025-05-22 * "KOPENHAGEM ITAIPU NITEROI"
  Expenses:EduardoCuidadosPessoais              16.40 BRL
  Liabilities:Cartao:SmilesBbPlatinum          -16.40 BRL
  origem_id: "despesa"

2025-05-22 * "MERCADOLIVRE*ANDRESACRIOSASCO"
  Expenses:BikeEEtc                             29.66 BRL
  Liabilities:Cartao:SmilesBbPlatinum          -29.66 BRL
  origem_id: "despesa"

2025-05-22 * "MARY COOKS NITEROI"
  Expenses:EduardoCuidadosPessoais              32.03 BRL
  Liabilities:Cartao:SmilesBbPlatinum          -32.03 BRL
  origem_id: "despesa"

2025-05-22 * "LEVE E NATURAL COMERCI NITEROI"
  Expenses:Mercado                              40.98 BRL
  Liabilities:Cartao:SmilesBbPlatinum          -40.98 BRL
  origem_id: "despesa"

2025-05-22 * "RaiaDrogasilSA NITEROI"
  Expenses:Medicamentos                         61.88 BRL
  Liabilities:Cartao:SmilesBbPlatinum          -61.88 BRL
  origem_id: "despesa"

2025-05-22 * "AMAZON BR SAO PAULO"
  Expenses:EduardoCuidadosPessoais              80.61 BRL
  Liabilities:Cartao:SmilesBbPlatinum          -80.61 BRL
  origem_id: "despesa"

2025-05-22 * "TRESS MERCADO VAREJIST NITEROI"
  Expenses:Mercado                              92.95 BRL
  Liabilities:Cartao:SmilesBbPlatinum          -92.95 BRL
  origem_id: "despesa"

2025-05-22 * "AMAZON BR SAO PAULO"
  Expenses:Mercado                              93.06 BRL
  Liabilities:Cartao:SmilesBbPlatinum          -93.06 BRL
  origem_id: "despesa"

2025-05-22 * "SUPERMERCADO PADRAO D NITEROI"
  Expenses:Mercado                             374.44 BRL
  Liabilities:Cartao:SmilesBbPlatinum         -374.44 BRL
  origem_id: "despesa"

2025-05-23 * "Amazon Kindle Unltd SAO PAULO BR"
  Expenses:Livros                               19.90 BRL
  Liabilities:Cartao:SmilesBbPlatinum          -19.90 BRL
  origem_id: "despesa"

2025-05-23 * "Juliana Carvalho Fontes"
  Expenses:AjudaFamilia                         40.00 BRL
  Assets:BR:BancoInter                         -40.00 BRL
  origem_id: "despesa"

2025-05-23 * "Passagens semana Carol"
  Expenses:CarolCuidadosPessoais                80.00 BRL
  Assets:BR:BancoInter                         -80.00 BRL
  origem_id: "despesa"

2025-05-23 * "Pagto conta telefone - TIM S/A - 3357"
  Expenses:InternetTvCelulares                  89.99 BRL
  Assets:BR:BancoInter                         -89.99 BRL
  origem_id: "despesa"

2025-05-23 * "Tayna Mariano Da Silva (angelica)"
  Expenses:Manutencoes                         100.00 BRL
  Assets:BR:BancoInter                        -100.00 BRL
  origem_id: "despesa"

2025-05-23 * "IMBATIVEL SUPERMERCAD NITEROI"
  Expenses:Mercado                             163.90 BRL
  Liabilities:Cartao:SmilesBbPlatinum         -163.90 BRL
  origem_id: "despesa"

2025-05-23 * "Mesada Carol"
  Expenses:CarolCuidadosPessoais               210.00 BRL
  Assets:BR:BancoInter                        -210.00 BRL
  origem_id: "despesa"

2025-05-23 * "MERCADOLIVRE*MARIABARACOSASCO (Computador)"
  Expenses:AnaCuidadosPessoais                 695.00 BRL
  Liabilities:Cartao:SmilesBbPlatinum         -695.00 BRL
  origem_id: "despesa"

2025-05-24 * "COMPAO NITEROI"
  Expenses:BaresERestaurantes                    9.00 BRL
  Liabilities:Cartao:SmilesBbPlatinum           -9.00 BRL
  origem_id: "despesa"

2025-05-24 * "REBECA PORTO CAKE NITEROI"
  Expenses:BaresERestaurantes                   15.90 BRL
  Liabilities:Cartao:SmilesBbPlatinum          -15.90 BRL
  origem_id: "despesa"

2025-05-24 * "TRESS MERCADO VAREJIST NITEROI"
  Expenses:Mercado                              26.71 BRL
  Liabilities:Cartao:SmilesBbPlatinum          -26.71 BRL
  origem_id: "despesa"

2025-05-24 * "REBECA PORTO CAKE NITEROI"
  Expenses:BaresERestaurantes                   47.60 BRL
  Liabilities:Cartao:SmilesBbPlatinum          -47.60 BRL
  origem_id: "despesa"

2025-05-24 * "PARC=112 Smil PARC 01/12 Barueri 9/12"
  Expenses:Viagem                               70.20 BRL
  Liabilities:Cartao:SmilesBbPlatinum          -70.20 BRL
  origem_id: "despesa"

2025-05-24 * "POSTO TREVO DE PIRATIN NITEROI"
  Expenses:Gasolina                            110.00 BRL
  Liabilities:Cartao:SmilesBbPlatinum         -110.00 BRL
  origem_id: "despesa"

2025-05-24 * "EXTRA HIPER-1804 NITEROI"
  Expenses:Mercado                             150.22 BRL
  Liabilities:Cartao:SmilesBbPlatinum         -150.22 BRL
  origem_id: "despesa"

2025-05-24 * "HAPPY CENTER COMERCIO NITEROI"
  Expenses:Ofertas                             219.99 BRL
  Liabilities:Cartao:SmilesBbPlatinum         -219.99 BRL
  origem_id: "despesa"

2025-05-24 * "FALHEIROS PIZZA NITEROI"
  Expenses:BaresERestaurantes                  237.31 BRL
  Liabilities:Cartao:SmilesBbPlatinum         -237.31 BRL
  origem_id: "despesa"

2025-05-25 * "TRESS MERCADO VAREJIST NITEROI"
  Expenses:Mercado                              34.18 BRL
  Liabilities:Cartao:SmilesBbPlatinum          -34.18 BRL
  origem_id: "despesa"

2025-05-26 * "POSTO VIP GAVIAO NITEROI"
  Expenses:ManutencaoCarro                      23.90 BRL
  Liabilities:Cartao:SmilesBbPlatinum          -23.90 BRL
  origem_id: "despesa"

2025-05-26 * "AMAZON BR SAO PAULO"
  Expenses:CarolCuidadosPessoais                28.49 BRL
  Liabilities:Cartao:SmilesBbPlatinum          -28.49 BRL
  origem_id: "despesa"

2025-05-26 * "REDE ECONOMIA NITEROI"
  Expenses:Mercado                              57.55 BRL
  Liabilities:Cartao:SmilesBbPlatinum          -57.55 BRL
  origem_id: "despesa"

2025-05-27 * "Marco Antonio Dos Santos"
  Expenses:CasaCuidadosPessoais                  5.00 BRL
  Assets:BR:BancoInter                          -5.00 BRL
  origem_id: "despesa"

2025-05-27 * "TRESS MERCADO VAREJIST NITEROI"
  Expenses:Mercado                              38.95 BRL
  Liabilities:Cartao:SmilesBbPlatinum          -38.95 BRL
  origem_id: "despesa"

2025-05-27 * "Presente Marcia 27 de mai. 2025 HERING ICARAI - R	149,99"
  Expenses:Presentes                           149.99 BRL
  Liabilities:Cartao:CartaoDeCreditoInter     -149.99 BRL
  origem_id: "despesa"

2025-05-27 * "DROG ESPACO SAUDE NITEROI"
  Expenses:Medicamentos                        277.42 BRL
  Liabilities:Cartao:SmilesBbPlatinum         -277.42 BRL
  origem_id: "despesa"

2025-05-27 * "Air fryer"
  Expenses:Mobilia                             283.06 BRL
  Assets:BR:BancoInter                        -283.06 BRL
  origem_id: "despesa"

2025-05-28 * "Occhio Lanchonete E Cafeteria Ltda"
  Expenses:BaresERestaurantes                    9.50 BRL
  Assets:BR:BancoInter                          -9.50 BRL
  origem_id: "despesa"

2025-05-28 * "Occhio Lanchonete E Cafeteria Ltda"
  Expenses:BaresERestaurantes                   12.00 BRL
  Assets:BR:BancoInter                         -12.00 BRL
  origem_id: "despesa"

2025-05-28 * "Occhio Lanchonete E Cafeteria Ltda"
  Expenses:BaresERestaurantes                   18.50 BRL
  Assets:BR:BancoInter                         -18.50 BRL
  origem_id: "despesa"

2025-05-28 * "HBO Max"
  Expenses:CinemaEAluguelDeVideosEMusica        19.95 BRL
  Liabilities:Cartao:SmilesBbPlatinum          -19.95 BRL
  origem_id: "despesa"

2025-05-28 * "Hospital Parking"
  Expenses:ProfissionaisSaude                   32.00 BRL
  Assets:BR:BancoInter                         -32.00 BRL
  origem_id: "despesa"

2025-05-28 * "Netflix"
  Expenses:CinemaEAluguelDeVideosEMusica        44.90 BRL
  Liabilities:Cartao:Saraiva                   -44.90 BRL
  origem_id: "despesa"

2025-05-28 * "ESPACOLASERRJ 9/11"
  Expenses:CarolCuidadosPessoais                89.08 BRL
  Liabilities:Cartao:SmilesBbPlatinum          -89.08 BRL
  origem_id: "despesa"

2025-05-28 * "TRESS MERCADO VAREJIST NITEROI"
  Expenses:Mercado                             109.13 BRL
  Liabilities:Cartao:SmilesBbPlatinum         -109.13 BRL
  origem_id: "despesa"

2025-05-28 * "Curso tatuagem Juju 5/12"
  Expenses:AjudaFamilia                        170.38 BRL
  Liabilities:Cartao:SmilesBbPlatinum         -170.38 BRL
  origem_id: "despesa"

2025-05-29 * "TRESS MERCADO VAREJIST NITEROI"
  Expenses:Mercado                              11.00 BRL
  Liabilities:Cartao:SmilesBbPlatinum          -11.00 BRL
  origem_id: "despesa"

2025-05-29 * "UBER* TRIP WWW.UBER.COM. BR"
  Expenses:EduardoCuidadosPessoais              14.29 BRL
  Liabilities:Cartao:Saraiva                   -14.29 BRL
  origem_id: "despesa"

2025-05-29 * "UBER * PENDING SAO PAULO"
  Expenses:AnaCuidadosPessoais                  35.51 BRL
  Liabilities:Cartao:SmilesBbPlatinum          -35.51 BRL
  origem_id: "despesa"

2025-05-29 * "UBER *TRIP HELP.UBER.COSAO PAULO"
  Expenses:AnaCuidadosPessoais                  36.84 BRL
  Liabilities:Cartao:SmilesBbPlatinum          -36.84 BRL
  origem_id: "despesa"

2025-05-29 * "Ana Lucia Costa Carvalho De Carvalho"
  Expenses:AnaCuidadosPessoais                 100.00 BRL
  Assets:BR:BancoInter                        -100.00 BRL
  origem_id: "despesa"

2025-05-29 * "Óculos  1/10"
  Expenses:EduardoCuidadosPessoais             230.00 BRL
  Liabilities:Cartao:SmilesBbPlatinum         -230.00 BRL
  origem_id: "despesa"

2025-05-30 * "TRESS MERCADO VAREJIST NITEROI"
  Expenses:Mercado                              29.46 BRL
  Liabilities:Cartao:SmilesBbPlatinum          -29.46 BRL
  origem_id: "despesa"

2025-05-30 * "DROG OCEAN FARMA NITEROI"
  Expenses:Medicamentos                         52.47 BRL
  Liabilities:Cartao:SmilesBbPlatinum          -52.47 BRL
  origem_id: "despesa"

2025-05-30 * "SUPERMERCADO REAL NITE NITEROI"
  Expenses:Mercado                             630.37 BRL
  Liabilities:Cartao:SmilesBbPlatinum         -630.37 BRL
  origem_id: "despesa"

2025-06-01 * "FARMACIA CAMBOINHAS LT NITEROI"
  Expenses:Medicamentos                         17.99 BRL
  Liabilities:Cartao:SmilesBbPlatinum          -17.99 BRL
  origem_id: "despesa"

2025-06-01 * "TRESS MERCADO VAREJIST NITEROI"
  Expenses:Mercado                              59.95 BRL
  Liabilities:Cartao:SmilesBbPlatinum          -59.95 BRL
  origem_id: "despesa"

2025-06-01 * "RaiaDrogasilSA NITEROI"
  Expenses:Medicamentos                         63.15 BRL
  Liabilities:Cartao:SmilesBbPlatinum          -63.15 BRL
  origem_id: "despesa"

2025-06-01 * "MERCADOLIVRE*RODRIGORIBOSASCO"
  Expenses:Presentes                            89.99 BRL
  Liabilities:Cartao:SmilesBbPlatinum          -89.99 BRL
  origem_id: "despesa"

2025-06-01 * "Compras diversas Carol"
  Expenses:Mercado                             199.09 BRL
  Liabilities:Cartao:CartaoDeCreditoInter     -199.09 BRL
  origem_id: "despesa"

2025-06-01 * "Farmacias diversas Carol"
  Expenses:Medicamentos                        213.90 BRL
  Liabilities:Cartao:CartaoDeCreditoInter     -213.90 BRL
  origem_id: "despesa"

2025-06-01 * "Uber Carol"
  Expenses:CarolCuidadosPessoais               229.78 BRL
  Liabilities:Cartao:CartaoDeCreditoInter     -229.78 BRL
  origem_id: "despesa"

2025-06-01 * "Juju passagem 4/10"
  Expenses:AjudaFamilia                        337.56 BRL
  Liabilities:Cartao:SmilesBbPlatinum         -337.56 BRL
  origem_id: "despesa"

2025-06-01 * "Diversos Carol"
  Expenses:CarolCuidadosPessoais               473.78 BRL
  Liabilities:Cartao:CartaoDeCreditoInter     -473.78 BRL
  origem_id: "despesa"

2025-06-01 * "Tratamento DTM Carol 9/10"
  Expenses:ProfissionaisSaude                  480.00 BRL
  Liabilities:Cartao:SmilesBbPlatinum         -480.00 BRL
  origem_id: "despesa"

2025-06-01 * "ita air*YAP2J SAO PAULO 1/2"
  Expenses:Portugal202508                     3838.62 BRL
  Liabilities:Cartao:SmilesBbPlatinum        -3838.62 BRL
  origem_id: "despesa"

2025-06-02 * "Adeilson Dos Santos"
  Expenses:Diversos                              7.50 BRL
  Assets:BR:BancoInter                          -7.50 BRL
  origem_id: "despesa"

2025-06-02 * "Baba forminhas 5/12"
  Expenses:FamiliaDadi                          19.73 BRL
  Liabilities:Cartao:SmilesBbPlatinum          -19.73 BRL
  origem_id: "despesa"

2025-06-02 * "Wellhub Gympass BR GympSao Paulo"
  Expenses:AnaCuidadosPessoais                  59.90 BRL
  Liabilities:Cartao:SmilesBbPlatinum          -59.90 BRL
  origem_id: "despesa"

2025-06-02 * "Wellhub Gympass BR GympSao Paulo (Carol)"
  Expenses:CarolCuidadosPessoais                59.90 BRL
  Liabilities:Cartao:SmilesBbPlatinum          -59.90 BRL
  origem_id: "despesa"

2025-06-02 * "Telefone Ana"
  Expenses:InternetTvCelulares                  82.99 BRL
  Assets:BR:BancoInter                         -82.99 BRL
  origem_id: "despesa"

2025-06-02 * "AUTO POSTO GERANIUS CA NITEROI"
  Expenses:Gasolina                            100.00 BRL
  Liabilities:Cartao:SmilesBbPlatinum         -100.00 BRL
  origem_id: "despesa"

2025-06-02 * "Poltrona papai 1/10"
  Expenses:FamiliaDadi                         129.98 BRL
  Liabilities:Cartao:SmilesBbPlatinum         -129.98 BRL
  origem_id: "despesa"

2025-06-02 * "Leste Telecom"
  Expenses:InternetTvCelulares                 129.99 BRL
  Assets:BR:BancoInter                        -129.99 BRL
  origem_id: "despesa"

2025-06-02 * "Maquina lavar 6/10"
  Expenses:Mobilia                             196.68 BRL
  Liabilities:Cartao:SmilesBbPlatinum         -196.68 BRL
  origem_id: "despesa"

2025-06-03 * "Niteroi Park Ltda"
  Expenses:EduardoCuidadosPessoais               4.00 BRL
  Assets:BR:BancoInter                          -4.00 BRL
  origem_id: "despesa"

2025-06-03 * "NITEROI PARK LTDA NITEROI"
  Expenses:EduardoCuidadosPessoais               8.00 BRL
  Liabilities:Cartao:SmilesBbPlatinum           -8.00 BRL
  origem_id: "despesa"

2025-06-03 * "Tayna Mariano Da Silva"
  Expenses:Manutencoes                          12.00 BRL
  Assets:BR:BancoInter                         -12.00 BRL
  origem_id: "despesa"

2025-06-03 * "Hospital Parking"
  Expenses:EduardoCuidadosPessoais              32.00 BRL
  Assets:BR:BancoInter                         -32.00 BRL
  origem_id: "despesa"

2025-06-03 * "DILO CAFETERIA RESTAUR NITEROI"
  Expenses:EduardoCuidadosPessoais              35.09 BRL
  Liabilities:Cartao:SmilesBbPlatinum          -35.09 BRL
  origem_id: "despesa"

2025-06-03 * "SABOR E ARTE BUFE E SE NITEROI"
  Expenses:EduardoCuidadosPessoais              39.00 BRL
  Liabilities:Cartao:SmilesBbPlatinum          -39.00 BRL
  origem_id: "despesa"

2025-06-03 * "UBER * PENDING SAO PAULO"
  Expenses:AnaCuidadosPessoais                  48.75 BRL
  Liabilities:Cartao:SmilesBbPlatinum          -48.75 BRL
  origem_id: "despesa"

2025-06-03 * "DILO CAFETERIA RESTAUR NITEROI"
  Expenses:EduardoCuidadosPessoais              49.39 BRL
  Liabilities:Cartao:SmilesBbPlatinum          -49.39 BRL
  origem_id: "despesa"

2025-06-03 * "AMAZON BR SAO PAULO"
  Expenses:CarolCuidadosPessoais                54.73 BRL
  Liabilities:Cartao:SmilesBbPlatinum          -54.73 BRL
  origem_id: "despesa"

2025-06-03 * "FARMACIA CAMBOINHAS LT NITEROI"
  Expenses:Medicamentos                         71.97 BRL
  Liabilities:Cartao:SmilesBbPlatinum          -71.97 BRL
  origem_id: "despesa"

2025-06-03 * "TRESS MERCADO VAREJIST NITEROI"
  Expenses:Mercado                              98.72 BRL
  Liabilities:Cartao:SmilesBbPlatinum          -98.72 BRL
  origem_id: "despesa"

2025-06-03 * "Mesada Isabela"
  Expenses:AjudaBrunaIsabela                   100.00 BRL
  Assets:BR:BancoInter                        -100.00 BRL
  origem_id: "despesa"

2025-06-03 * "Ajuda mensal Nininha"
  Expenses:FamiliaDadi                         100.00 BRL
  Assets:BR:BancoInter                        -100.00 BRL
  origem_id: "despesa"

2025-06-03 * "Cesta básica Cristiane do jacaré"
  Expenses:Ofertas                             100.00 BRL
  Assets:BR:BancoInter                        -100.00 BRL
  origem_id: "despesa"

2025-06-03 * "Ajuda plano saúde Luluca"
  Expenses:FamiliaDadi                         160.00 BRL
  Assets:BR:BancoInter                        -160.00 BRL
  origem_id: "despesa"

2025-06-03 * "RESTAURANTE VERANDA NITEROI"
  Expenses:BaresERestaurantes                  187.88 BRL
  Liabilities:Cartao:SmilesBbPlatinum         -187.88 BRL
  origem_id: "despesa"

2025-06-03 * "Anie Kelly Silva Santos"
  Expenses:EduardoCuidadosPessoais             250.00 BRL
  Assets:BR:BancoInter                        -250.00 BRL
  origem_id: "despesa"

2025-06-03 * "Unimed Isabela"
  Expenses:AjudaBrunaIsabela                   250.00 BRL
  Assets:BR:BancoInter                        -250.00 BRL
  origem_id: "despesa"

2025-06-03 * "Ajude custo Angélica"
  Expenses:Manutencoes                         300.00 BRL
  Assets:BR:BancoInter                        -300.00 BRL
  origem_id: "despesa"

2025-06-03 * "Terapias"
  Expenses:ProfissionaisSaude                  340.00 BRL
  Assets:BR:BancoInter                        -340.00 BRL
  origem_id: "despesa"

2025-06-04 * "TRESS MERCADO VAREJIST NITEROI"
  Expenses:Mercado                              25.57 BRL
  Liabilities:Cartao:SmilesBbPlatinum          -25.57 BRL
  origem_id: "despesa"

2025-06-04 * "APOIASE*APOIAse Vario São Paulo"
  Expenses:EduardoCuidadosPessoais              55.00 BRL
  Liabilities:Cartao:Saraiva                   -55.00 BRL
  origem_id: "despesa"

2025-06-04 * "RaiaDrogasilSA NITEROI"
  Expenses:Medicamentos                         58.19 BRL
  Liabilities:Cartao:SmilesBbPlatinum          -58.19 BRL
  origem_id: "despesa"

2025-06-04 * "04 de jun. 2025 PRINT STUDIO - R	59,9"
  Expenses:Presentes                            59.90 BRL
  Liabilities:Cartao:CartaoDeCreditoInter      -59.90 BRL
  origem_id: "despesa"

2025-06-04 * "MERCADOLIVRE*ATACADO OSASCO"
  Expenses:Medicamentos                         60.83 BRL
  Liabilities:Cartao:SmilesBbPlatinum          -60.83 BRL
  origem_id: "despesa"

2025-06-04 * "Raia Drogasil"
  Expenses:Medicamentos                        131.16 BRL
  Assets:BR:BancoInter                        -131.16 BRL
  origem_id: "despesa"

2025-06-04 * "Departamento De Transito Do Estado Do Rio De Janeiro"
  Expenses:EduardoCuidadosPessoais             200.91 BRL
  Assets:BR:BancoInter                        -200.91 BRL
  origem_id: "despesa"

2025-06-04 * "Mensalidade UVA Economia"
  Expenses:UniversidadeEduardo                 297.20 BRL
  Liabilities:Cartao:SmilesBbPlatinum         -297.20 BRL
  origem_id: "despesa"

2025-06-04 * "Ipucenter NITEROI"
  Expenses:AnaCuidadosPessoais                 303.60 BRL
  Liabilities:Cartao:SmilesBbPlatinum         -303.60 BRL
  origem_id: "despesa"

2025-06-04 * "Mensalidade UVA contabilidade"
  Expenses:UniversidadeEduardo                 396.96 BRL
  Liabilities:Cartao:SmilesBbPlatinum         -396.96 BRL
  origem_id: "despesa"

2025-06-05 * "Everton Silva Carvalho"
  Expenses:ManutencaoCarro                      20.00 BRL
  Assets:BR:BancoInter                         -20.00 BRL
  origem_id: "despesa"

2025-06-05 * "MERCADOLIVRE*SDNCOMERCIOSASCO"
  Expenses:Suplementos                         173.35 BRL
  Liabilities:Cartao:SmilesBbPlatinum         -173.35 BRL
  origem_id: "despesa"

2025-06-05 * "TRESS MERCADO VAREJIST NITEROI"
  Expenses:Mercado                             225.53 BRL
  Liabilities:Cartao:SmilesBbPlatinum         -225.53 BRL
  origem_id: "despesa"

2025-06-05 * "Óleo filtro"
  Expenses:ManutencaoCarro                     290.00 BRL
  Liabilities:Cartao:SmilesBbPlatinum         -290.00 BRL
  origem_id: "despesa"

2025-06-05 * "VERANDA RESTAURANTE NITEROI"
  Expenses:Presentes                           329.67 BRL
  Liabilities:Cartao:SmilesBbPlatinum         -329.67 BRL
  origem_id: "despesa"

2025-06-05 * "SUPERMERCADO REAL NITE NITEROI"
  Expenses:Mercado                             488.88 BRL
  Liabilities:Cartao:SmilesBbPlatinum         -488.88 BRL
  origem_id: "despesa"

2025-06-08 * "Julio Cesar Ferreira Cruz"
  Expenses:CasaCuidadosPessoais                 10.00 BRL
  Assets:BR:BancoInter                         -10.00 BRL
  origem_id: "despesa"

2025-06-08 * "SPOLETO COMPACT ITAIPU NITEROI BR"
  Expenses:BaresERestaurantes                   75.30 BRL
  Liabilities:Cartao:SmilesBbPlatinum          -75.30 BRL
  origem_id: "despesa"

2025-06-08 * "Bar temático brujo"
  Expenses:BaresERestaurantes                   98.89 BRL
  Liabilities:Cartao:SmilesBbPlatinum          -98.89 BRL
  origem_id: "despesa"

2025-06-08 * "Terapia Carol"
  Expenses:ProfissionaisSaude                  700.00 BRL
  Assets:BR:BancoInter                        -700.00 BRL
  origem_id: "despesa"

2025-06-08 * "Locação carro espanha"
  Expenses:Portugal202508                     1258.83 BRL
  Liabilities:Cartao:SmilesBbPlatinum        -1258.83 BRL
  origem_id: "despesa"

2025-06-09 * "UBER* TRIP WWW.UBER.COM. BR"
  Expenses:EduardoCuidadosPessoais              27.97 BRL
  Liabilities:Cartao:Saraiva                   -27.97 BRL
  origem_id: "despesa"

2025-06-09 * "UBER* TRIP WWW.UBER.COM. BR"
  Expenses:EduardoCuidadosPessoais              37.22 BRL
  Liabilities:Cartao:Saraiva                   -37.22 BRL
  origem_id: "despesa"

2025-06-09 * "Estacionamento Mulitcenter"
  Expenses:PsicologiaAna                        84.26 BRL
  Assets:BR:BbCorrente                         -84.26 BRL
  origem_id: "despesa"

2025-06-09 * "Luz"
  Expenses:Luz                                 646.18 BRL
  Assets:BR:BbCorrente                        -646.18 BRL
  origem_id: "despesa"

2025-06-09 * "Psicologia Ana"
  Expenses:PsicologiaAna                       681.69 BRL
  Assets:BR:BbCorrente                        -681.69 BRL
  origem_id: "despesa"

2025-06-10 * "DL*GOOGLE Apple SAO PAULO (Apple tv"
  Expenses:CinemaEAluguelDeVideosEMusica        21.90 BRL
  Liabilities:Cartao:SmilesBbPlatinum          -21.90 BRL
  origem_id: "despesa"

2025-06-10 * "Carregador Super Turbo 50W Ultra Rápido Tipo C e USB Com ..."
  Expenses:EduardoCuidadosPessoais              44.89 BRL
  Liabilities:Cartao:SmilesBbPlatinum          -44.89 BRL
  origem_id: "despesa"

2025-06-10 * "Sem parar"
  Expenses:Semparar                             66.99 BRL
  Assets:BR:BbCorrente                         -66.99 BRL
  origem_id: "despesa"

2025-06-10 * "Pós grad de Ana"
  Expenses:PsicologiaAna                        69.00 BRL
  Assets:BR:BbCorrente                         -69.00 BRL
  origem_id: "despesa"

2025-06-10 * "Conta de água"
  Expenses:Agua                                318.74 BRL
  Assets:BR:BbCorrente                        -318.74 BRL
  origem_id: "despesa"

2025-06-10 * "IPTU 2025"
  Expenses:Iptu                                474.72 BRL
  Assets:BR:BbCorrente                        -474.72 BRL
  origem_id: "despesa"

2025-06-10 * "Dízimo"
  Expenses:Dizimos                             600.00 BRL
  Assets:BR:BancoInter                        -600.00 BRL
  origem_id: "despesa"

2025-06-10 * "ISJBCOLEGIO S PARC 01/07 NITEROI 6/7"
  Expenses:AjudaBrunaIsabela                   752.25 BRL
  Liabilities:Cartao:SmilesBbPlatinum         -752.25 BRL
  origem_id: "despesa"

2025-06-11 * "MULTA POR ATRASO BR"
  Expenses:EduardoCuidadosPessoais               6.15 BRL
  Liabilities:Cartao:Saraiva                    -6.15 BRL
  origem_id: "despesa"

2025-06-11 * "Passagens semana Carol"
  Expenses:CarolCuidadosPessoais                80.00 BRL
  Assets:BR:BancoInter                         -80.00 BRL
  origem_id: "despesa"

2025-06-11 * "Google armazenamento e gemini"
  Expenses:CasaCuidadosPessoais                 96.99 BRL
  Liabilities:Cartao:SmilesBbPlatinum          -96.99 BRL
  origem_id: "despesa"

2025-06-12 * "SHampoos"
  Expenses:EduardoCuidadosPessoais              28.52 BRL
  Liabilities:Cartao:SmilesBbPlatinum          -28.52 BRL
  origem_id: "despesa"

2025-06-13 * "bandana bike"
  Expenses:BikeEEtc                             25.16 BRL
  Liabilities:Cartao:SmilesBbPlatinum          -25.16 BRL
  origem_id: "despesa"

2025-06-13 * "Felipe Lopes Fraga"
  Expenses:EduardoCuidadosPessoais              35.00 BRL
  Assets:BR:BancoInter                         -35.00 BRL
  origem_id: "despesa"

2025-06-13 * "Meias bike"
  Expenses:BikeEEtc                             50.94 BRL
  Liabilities:Cartao:SmilesBbPlatinum          -50.94 BRL
  origem_id: "despesa"

2025-06-13 * "Alipay Brasil Meios De Pagamento Ltda"
  Expenses:EduardoCuidadosPessoais             211.41 BRL
  Assets:BR:BancoInter                        -211.41 BRL
  origem_id: "despesa"

2025-06-14 * "DL *GOOGLE YouTubePrem SAO PAULO BR"
  Expenses:CinemaEAluguelDeVideosEMusica        26.90 BRL
  Liabilities:Cartao:SmilesBbPlatinum          -26.90 BRL
  origem_id: "despesa"

2025-06-14 * "Carolina Carvalho De Carvalho"
  Expenses:CarolCuidadosPessoais                40.00 BRL
  Assets:BR:BancoInter                         -40.00 BRL
  origem_id: "despesa"

2025-06-14 * "3 Corações Cápsulas de Café Mogiana Paulista, Compatíveis..."
  Expenses:Mercado                              75.96 BRL
  Liabilities:Cartao:SmilesBbPlatinum          -75.96 BRL
  origem_id: "despesa"

2025-06-14 * "J R POSTO DE COMBUSTIV NITEROI BR"
  Expenses:Gasolina                            100.00 BRL
  Liabilities:Cartao:SmilesBbPlatinum         -100.00 BRL
  origem_id: "despesa"

2025-06-14 * "Combustível"
  Expenses:Gasolina                            100.00 BRL
  Liabilities:Cartao:SmilesBbPlatinum         -100.00 BRL
  origem_id: "despesa"

2025-06-15 * "Riopar Participacoes S A"
  Expenses:CarolCuidadosPessoais                30.00 BRL
  Assets:BR:BancoInter                         -30.00 BRL
  origem_id: "despesa"

2025-06-15 * "15/03 Wellhub Gympass BR GympSao Paulo BR R (bubu)"
  Expenses:AjudaBrunaIsabela                    59.90 BRL
  Liabilities:Cartao:SmilesBbPlatinum          -59.90 BRL
  origem_id: "despesa"

2025-06-15 * "Wine 12/12"
  Expenses:Mercado                             119.42 BRL
  Liabilities:Cartao:CartaoDeCreditoInter     -119.42 BRL
  origem_id: "despesa"

2025-06-15 * "BRS*SHEINCOM Sao Paulo BR"
  Expenses:CarolCuidadosPessoais               408.54 BRL
  Liabilities:Cartao:SmilesBbPlatinum         -408.54 BRL
  origem_id: "despesa"

2025-06-16 * "Star plus + mercado livre"
  Expenses:CinemaEAluguelDeVideosEMusica        24.90 BRL
  Liabilities:Cartao:SmilesBbPlatinum          -24.90 BRL
  origem_id: "despesa"

2025-06-16 * "Felipe Lopes Fraga"
  Expenses:EduardoCuidadosPessoais              35.00 BRL
  Assets:BR:BancoInter                         -35.00 BRL
  origem_id: "despesa"

2025-06-16 * "Carro, enchente 2/3"
  Expenses:ManutencaoCarro                    1085.33 BRL
  Liabilities:Cartao:SmilesBbPlatinum        -1085.33 BRL
  origem_id: "despesa"

2025-06-17 * "Kit Muringaá Maca Peruana Feno Grego Em Pó 1,5kg"
  Expenses:Mercado                              81.12 BRL
  Liabilities:Cartao:SmilesBbPlatinum          -81.12 BRL
  origem_id: "despesa"

2025-06-17 * "ApServicosDeApoio NITEROI BR"
  Expenses:Diversos                            114.93 BRL
  Liabilities:Cartao:SmilesBbPlatinum         -114.93 BRL
  origem_id: "despesa"

2025-06-17 * "Antonio Carvalho Simao"
  Expenses:Presentes                           150.00 BRL
  Assets:BR:BancoInter                        -150.00 BRL
  origem_id: "despesa"

2025-06-17 * "Pix - Enviado - 17/06 09:36 Wise Brasil Corretora De C"
  Expenses:Portugal202508                     4640.63 BRL
  Assets:BR:BbCorrente                       -4640.63 BRL
  origem_id: "despesa"

2025-06-18 * "JUROS DE MORA"
  Expenses:EduardoCuidadosPessoais               0.61 BRL
  Liabilities:Cartao:Saraiva                    -0.61 BRL
  origem_id: "despesa"

2025-06-18 * "ENCARGOS FINANC ROTATIVO"
  Expenses:EduardoCuidadosPessoais               8.70 BRL
  Liabilities:Cartao:Saraiva                    -8.70 BRL
  origem_id: "despesa"

2025-06-18 * "Spotify"
  Expenses:CinemaEAluguelDeVideosEMusica        34.90 BRL
  Liabilities:Cartao:SmilesBbPlatinum          -34.90 BRL
  origem_id: "despesa"

2025-06-18 * "Isabela Fontes Elias"
  Expenses:AjudaBrunaIsabela                    50.00 BRL
  Assets:BR:BancoInter                         -50.00 BRL
  origem_id: "despesa"

2025-06-18 * "18 de jun. 2025 MP APICECOSMETIC arcela 01 de 02 - R 1/2"
  Expenses:CarolCuidadosPessoais               154.56 BRL
  Liabilities:Cartao:CartaoDeCreditoInter     -154.56 BRL
  origem_id: "despesa"

2025-06-18 * "Escola Bela parte"
  Expenses:AjudaBrunaIsabela                   250.00 BRL
  Assets:BR:BancoInter                        -250.00 BRL
  origem_id: "despesa"

2025-06-18 * "Pix - Enviado - 18/06 12:47 Wise Brasil Corretora De C"
  Expenses:Portugal202508                     1980.11 BRL
  Assets:BR:BbCorrente                       -1980.11 BRL
  origem_id: "despesa"

2025-06-19 * "ANUIDADE DIFERENCIADA TIT-PARC 05/12"
  Expenses:Viagem                               48.00 BRL
  Liabilities:Cartao:SmilesBbPlatinum          -48.00 BRL
  origem_id: "despesa"

2025-06-19 * "Certificados Ana"
  Expenses:AnaCuidadosPessoais                  95.80 BRL
  Liabilities:Cartao:SmilesBbPlatinum          -95.80 BRL
  origem_id: "despesa"

2025-06-19 * "Cabo freio + movimento central"
  Expenses:BikeEEtc                            100.00 BRL
  Liabilities:Cartao:SmilesBbPlatinum         -100.00 BRL
  origem_id: "despesa"

2025-06-19 * "Restaurantes não lançados"
  Expenses:BaresERestaurantes                  163.34 BRL
  Liabilities:Cartao:SmilesBbPlatinum         -163.34 BRL
  origem_id: "despesa"

2025-06-19 * "Farmárcias não lançadas"
  Expenses:Medicamentos                        377.46 BRL
  Liabilities:Cartao:SmilesBbPlatinum         -377.46 BRL
  origem_id: "despesa"

2025-06-19 * "Passagem Porto Madrid + Hospedagem dia volta + IOFs"
  Expenses:Portugal202508                     1248.68 BRL
  Liabilities:Cartao:SmilesBbPlatinum        -1248.68 BRL
  origem_id: "despesa"

2025-06-20 * "TIM*maisbbb248m RIO DE JANEIR BR"
  Expenses:InternetTvCelulares                  47.75 BRL
  Liabilities:Cartao:Saraiva                   -47.75 BRL
  origem_id: "despesa"

2025-06-20 * "Mwrcado total não lançado"
  Expenses:Mercado                            2367.79 BRL
  Liabilities:Cartao:SmilesBbPlatinum        -2367.79 BRL
  origem_id: "despesa"

2025-06-21 * "Isabela Fontes Elias"
  Expenses:AjudaBrunaIsabela                    20.00 BRL
  Assets:BR:BancoInter                         -20.00 BRL
  origem_id: "despesa"

2025-06-21 * "Carolina Carvalho De Carvalho"
  Expenses:CarolCuidadosPessoais                70.00 BRL
  Assets:BR:BancoInter                         -70.00 BRL
  origem_id: "despesa"

2025-06-21 * "Cadeiras praia/camping"
  Expenses:CasaCuidadosPessoais                157.80 BRL
  Liabilities:Cartao:SmilesBbPlatinum         -157.80 BRL
  origem_id: "despesa"

2025-06-22 * "Apoio Jones Manuel"
  Expenses:EduardoCuidadosPessoais               4.99 BRL
  Liabilities:Cartao:SmilesBbPlatinum           -4.99 BRL
  origem_id: "despesa"

2025-06-23 * "A Brief History of Thought"
  Expenses:Livros                                5.90 BRL
  Liabilities:Cartao:SmilesBbPlatinum           -5.90 BRL
  origem_id: "despesa"

2025-06-24 * "Amazon Kindle Unltd SAO PAULO BR"
  Expenses:Livros                               19.90 BRL
  Liabilities:Cartao:SmilesBbPlatinum          -19.90 BRL
  origem_id: "despesa"

2025-06-24 * "PARC=112 Smil PARC 01/12 Barueri 10/12"
  Expenses:Viagem                               70.20 BRL
  Liabilities:Cartao:SmilesBbPlatinum          -70.20 BRL
  origem_id: "despesa"

2025-06-24 * "Comrpas diversas"
  Expenses:Mercado                             259.93 BRL
  Liabilities:Cartao:SmilesBbPlatinum         -259.93 BRL
  origem_id: "despesa"

2025-06-25 * "Havonnan"
  Expenses:CasaCuidadosPessoais                  2.00 BRL
  Assets:BR:BancoInter                          -2.00 BRL
  origem_id: "despesa"

2025-06-25 * "Pagar Me Pagamentos"
  Expenses:Diversos                             19.90 BRL
  Assets:BR:BancoInter                         -19.90 BRL
  origem_id: "despesa"

2025-06-25 * "Faixa Queixeira Zero Ronco Ajustavel 3 Ponta Apneia"
  Expenses:EduardoCuidadosPessoais              37.02 BRL
  Liabilities:Cartao:SmilesBbPlatinum          -37.02 BRL
  origem_id: "despesa"

2025-06-26 * "Tayna Mariano Da Silva"
  Expenses:Manutencoes                         200.00 BRL
  Assets:BR:BancoInter                        -200.00 BRL
  origem_id: "despesa"

2025-06-26 * "Departamento De Transito Do Estado Do Rio De Janeiro"
  Expenses:EduardoCuidadosPessoais             200.91 BRL
  Assets:BR:BancoInter                        -200.91 BRL
  origem_id: "despesa"

2025-06-28 * "Netflix"
  Expenses:CinemaEAluguelDeVideosEMusica        44.90 BRL
  Liabilities:Cartao:Saraiva                   -44.90 BRL
  origem_id: "despesa"

2025-06-28 * "FASHION BUSIN PARC 01/02 NITEROI 1/2"
  Expenses:CarolCuidadosPessoais                74.90 BRL
  Liabilities:Cartao:SmilesBbPlatinum          -74.90 BRL
  origem_id: "despesa"

2025-06-28 * "ESPACOLASERRJ 10/11"
  Expenses:CarolCuidadosPessoais                89.08 BRL
  Liabilities:Cartao:SmilesBbPlatinum          -89.08 BRL
  origem_id: "despesa"

2025-06-28 * "Curso tatuagem Juju 6/12"
  Expenses:AjudaFamilia                        170.38 BRL
  Liabilities:Cartao:SmilesBbPlatinum         -170.38 BRL
  origem_id: "despesa"

2025-06-29 * "HBO Max"
  Expenses:CinemaEAluguelDeVideosEMusica        19.95 BRL
  Liabilities:Cartao:SmilesBbPlatinum          -19.95 BRL
  origem_id: "despesa"

2025-06-29 * "Óculos  2/10"
  Expenses:EduardoCuidadosPessoais             230.00 BRL
  Liabilities:Cartao:SmilesBbPlatinum         -230.00 BRL
  origem_id: "despesa"

2025-06-30 * "Havonnan"
  Expenses:CasaCuidadosPessoais                  6.00 BRL
  Assets:BR:BancoInter                          -6.00 BRL
  origem_id: "despesa"

2025-06-30 * "Riopar Rio De Janeir Bra"
  Expenses:EduardoCuidadosPessoais              20.00 BRL
  Assets:BR:BancoInter                         -20.00 BRL
  origem_id: "despesa"

2025-06-30 * "UBER* TRIP WWW.UBER.COM. BR"
  Expenses:EduardoCuidadosPessoais              37.89 BRL
  Liabilities:Cartao:Saraiva                   -37.89 BRL
  origem_id: "despesa"

2025-06-30 * "FLORAL TERAPIA         NAZARE PAULIS BRA 1/2"
  Expenses:CarolCuidadosPessoais                44.72 BRL
  Liabilities:Cartao:CartaoDeCreditoInter      -44.72 BRL
  origem_id: "despesa"

2025-06-30 * "Amazfit bip 6"
  Expenses:EduardoCuidadosPessoais             573.07 BRL
  Liabilities:Cartao:SmilesBbPlatinum         -573.07 BRL
  origem_id: "despesa"

2025-07-01 * "IOF DIAR ROT PF REF.06/25 BR"
  Expenses:ImpostosETaxas                        0.15 BRL
  Liabilities:Cartao:Saraiva                    -0.15 BRL
  origem_id: "despesa"

2025-07-01 * "IOF ADIC ROT PF REF.06/25 BR"
  Expenses:ImpostosETaxas                        1.17 BRL
  Liabilities:Cartao:Saraiva                    -1.17 BRL
  origem_id: "despesa"

2025-07-01 * "Igreja Presbiteriana Betania De Piratininga"
  Expenses:Ofertas                              22.00 BRL
  Assets:BR:BancoInter                         -22.00 BRL
  origem_id: "despesa"

2025-07-01 * "Panela De Pressão 4,5 Litros Panelux Classic Polida Alumí..."
  Expenses:Mobilia                              48.38 BRL
  Liabilities:Cartao:SmilesBbPlatinum          -48.38 BRL
  origem_id: "despesa"

2025-07-01 * "APOIASE*APOIAse Vario São Paulo"
  Expenses:EduardoCuidadosPessoais              55.00 BRL
  Liabilities:Cartao:Saraiva                   -55.00 BRL
  origem_id: "despesa"

2025-07-01 * "Pix - Enviado - 01/07 17:46 Jose Eduardo Alves De Carv"
  Expenses:Portugal202508                      100.00 BRL
  Assets:BR:BbCorrente                        -100.00 BRL
  origem_id: "despesa"

2025-07-01 * "Juju passagem 5/10"
  Expenses:AjudaFamilia                        337.56 BRL
  Liabilities:Cartao:SmilesBbPlatinum         -337.56 BRL
  origem_id: "despesa"

2025-07-01 * "Tratamento DTM Carol 10/10"
  Expenses:ProfissionaisSaude                  480.00 BRL
  Liabilities:Cartao:SmilesBbPlatinum         -480.00 BRL
  origem_id: "despesa"

2025-07-01 * "ita air*YAP2J SAO PAULO 2/2"
  Expenses:Portugal202508                     3838.62 BRL
  Liabilities:Cartao:SmilesBbPlatinum        -3838.62 BRL
  origem_id: "despesa"

2025-07-02 * "Baba forminhas 6/12"
  Expenses:FamiliaDadi                          19.73 BRL
  Liabilities:Cartao:SmilesBbPlatinum          -19.73 BRL
  origem_id: "despesa"

2025-07-02 * "Wellhub Gympass BR GympSao Paulo"
  Expenses:AnaCuidadosPessoais                  59.90 BRL
  Liabilities:Cartao:SmilesBbPlatinum          -59.90 BRL
  origem_id: "despesa"

2025-07-02 * "Wellhub Gympass BR GympSao Paulo (Carol)"
  Expenses:CarolCuidadosPessoais                59.90 BRL
  Liabilities:Cartao:SmilesBbPlatinum          -59.90 BRL
  origem_id: "despesa"

2025-07-02 * "Pós grad de Ana"
  Expenses:PsicologiaAna                        69.00 BRL
  Assets:BR:BbCorrente                         -69.00 BRL
  origem_id: "despesa"

2025-07-02 * "Aibr Instituicao De Pagamento Ltda"
  Expenses:EduardoCuidadosPessoais              79.25 BRL
  Assets:BR:BancoInter                         -79.25 BRL
  origem_id: "despesa"

2025-07-02 * "Telefone Ana"
  Expenses:InternetTvCelulares                  82.99 BRL
  Assets:BR:BbCorrente                         -82.99 BRL
  origem_id: "despesa"

2025-07-02 * "Pagto conta telefone - TIM S/A - 3357"
  Expenses:InternetTvCelulares                  89.99 BRL
  Assets:BR:BancoInter                         -89.99 BRL
  origem_id: "despesa"

2025-07-02 * "Mesada Isabela"
  Expenses:AjudaBrunaIsabela                   100.00 BRL
  Assets:BR:BancoInter                        -100.00 BRL
  origem_id: "despesa"

2025-07-02 * "Ajuda mensal Nininha"
  Expenses:FamiliaDadi                         100.00 BRL
  Assets:BR:BancoInter                        -100.00 BRL
  origem_id: "despesa"

2025-07-02 * "Cesta básica Cristiane do jacaré"
  Expenses:Ofertas                             100.00 BRL
  Assets:BR:BancoInter                        -100.00 BRL
  origem_id: "despesa"

2025-07-02 * "Poltrona papai 2/10"
  Expenses:FamiliaDadi                         129.98 BRL
  Liabilities:Cartao:SmilesBbPlatinum         -129.98 BRL
  origem_id: "despesa"

2025-07-02 * "Leste Telecom"
  Expenses:InternetTvCelulares                 129.99 BRL
  Assets:BR:BancoInter                        -129.99 BRL
  origem_id: "despesa"

2025-07-02 * "Ajuda plano saúde Luluca"
  Expenses:FamiliaDadi                         160.00 BRL
  Assets:BR:BancoInter                        -160.00 BRL
  origem_id: "despesa"

2025-07-02 * "Maquina lavar 7/10"
  Expenses:Mobilia                             196.68 BRL
  Liabilities:Cartao:SmilesBbPlatinum         -196.68 BRL
  origem_id: "despesa"

2025-07-02 * "Mesada Carol"
  Expenses:CarolCuidadosPessoais               210.00 BRL
  Assets:BR:BancoInter                        -210.00 BRL
  origem_id: "despesa"

2025-07-02 * "Unimed Isabela"
  Expenses:AjudaBrunaIsabela                   250.00 BRL
  Assets:BR:BancoInter                        -250.00 BRL
  origem_id: "despesa"

2025-07-02 * "Diversos Ana (tenis,e tc)"
  Expenses:AnaCuidadosPessoais                 328.62 BRL
  Liabilities:Cartao:SmilesBbPlatinum         -328.62 BRL
  origem_id: "despesa"

2025-07-02 * "Terapias"
  Expenses:ProfissionaisSaude                  370.00 BRL
  Assets:BR:BancoInter                        -370.00 BRL
  origem_id: "despesa"

2025-07-02 * "Ajude custo Angélica"
  Expenses:Manutencoes                         400.00 BRL
  Assets:BR:BancoInter                        -400.00 BRL
  origem_id: "despesa"

2025-07-02 * "Psicologia Ana"
  Expenses:PsicologiaAna                       588.72 BRL
  Assets:BR:BbCorrente                        -588.72 BRL
  origem_id: "despesa"

2025-07-03 * "Carolina Carvalho De Carvalho"
  Expenses:CarolCuidadosPessoais                50.00 BRL
  Assets:BR:BancoInter                         -50.00 BRL
  origem_id: "despesa"

2025-07-03 * "Ana diversos"
  Expenses:AnaCuidadosPessoais                 596.25 BRL
  Liabilities:Cartao:SmilesBbPlatinum         -596.25 BRL
  origem_id: "despesa"

2025-07-03 * "euros"
  Expenses:Portugal202508                     2596.62 BRL
  Assets:BR:BbCorrente                       -2596.62 BRL
  origem_id: "despesa"

2025-07-04 * "Pix - Enviado - 04/07 13:35 Shpp Brasil Instituicao De"
  Expenses:EduardoCuidadosPessoais              71.80 BRL
  Assets:BR:BbCorrente                         -71.80 BRL
  origem_id: "despesa"

2025-07-04 * "Terapia Carol"
  Expenses:ProfissionaisSaude                  525.00 BRL
  Assets:BR:BancoInter                        -525.00 BRL
  origem_id: "despesa"

2025-07-04 * "Luz"
  Expenses:Luz                                 625.84 BRL
  Assets:BR:BbCorrente                        -625.84 BRL
  origem_id: "despesa"

2025-07-04 * "Pix - Enviado - 04/07 16:17 Wise Brasil Corretora De C"
  Expenses:Portugal202508                     1301.29 BRL
  Assets:BR:BbCorrente                       -1301.29 BRL
  origem_id: "despesa"

2025-07-05 * "IMBATIVEL SUPERMERCAD  NITEROI       BRA"
  Expenses:Mercado                              69.94 BRL
